4242 6159
596 1078 664 1144 254
731 1087 896 1142 usurum
917 1083 1131 1140 murmurem
1152 1081 1316 1136 nmmum
1336 1081 1538 1134 suesorum

431 1275 499 1330 ΑΒ.
513 1278 585 1329 lats.
598 1266 745 1346 Henrlci,
767 1264 822 1332 evi
845 1263 907 1346 sui,
929 1267 965 1330 et
985 1261 1108 1328 iccium
1128 1255 1378 1346 inquisitionem
1399 1255 1490 1344 opud
1512 1251 1643 1320 Londo-
1667 1296 1675 1311 .

598 1370 671 1436 nien
692 1369 866 1437 mitterent
888 1367 931 1434 sd
954 1379 1075 1452 regem,
1096 1377 1168 1430 xva
1190 1362 1245 1429 die
1265 1365 1342 1449 port
1363 1358 1494 1426 Posoha

757 1655 807 1722 Dc
828 1653 975 1744 quodam
997 1652 1150 1732 darom,
1174 1648 1238 1740 qai
1259 1646 1486 1738 apostatavit.¹

433 1815 549 1882 storyor
643 1805 744 1872 Anno
758 1803 896 1893 'quoque
918 1801 980 1870 sub
1003 1801 1121 1869 eodem
1144 1799 1281 1886 quidam
1303 1798 1461 1864 diaconus
1482 1792 1661 1882 Anglicus.

431 1885 569 2016 ζξξᾞᾷ
600 1908 766 1995 quandam
789 1906 945 1972 Judaeam
968 1903 1086 1971 illicito
1108 1921 1218 1968 amore
1245 1899 1417 1978 dilexerat,
1439 1902 1475 1964 et
1496 1896 1663 1982 ejusdem.

431 2019 533 2072 aurea
599 2009 771 2098 amplexus
807 2008 962 2074 ardenter
1002 1999 1198 2094 postulavit.
1259 2002 1324 2070 Cui
1366 1998 1435 2082 ille,
1480 1995 1665 2068 “Faciam.

600 2112 689 2199 quod
717 2107 872 2191 horteris,
910 2107 938 2176 si
975 2111 1130 2195 apostata
1157 2105 1265 2172 iectus
1306 2096 1573 2180 circumcidaris,⁹
1609 2102 1664 2170 et.

599 2214 623 2280 J
624 2213 774 2281 udaismo
796 2211 938 2280 fideliter
960 2204 1155 2277 cdhaereas'’
1200 2207 1299 2290 Quod
1313 2224 1389 2272 oum
1403 2199 1474 2294 ipse
1488 2200 1664 2292 quicquid.

599 2313 717 2382 mulier
738 2315 936 2382 hortabatur
958 2311 1197 2402 complevisset,
1219 2311 1348 2399 potitus
1374 2315 1425 2375 est
1450 2325 1561 2374 umore
1580 2305 1665 2374 illi-.

599 2417 672 2486 cito.
717 2419 815 2501 Quod
841 2438 917 2484 cum
941 2413 1000 2483 diu
1025 2416 1123 2482 celeri
1149 2431 1217 2482 non
1241 2418 1360 2502 posset,
1375 2411 1571 2479 nunciatum
1594 2408 1665 2478 cst.

598 2515 839 2611 archiepiscopo
867 2517 1101 2588 Oantuarieusi
1117 2511 1326 2604 S[tephsno],
1348 2520 1427 2582 ante
1451 2532 1548 2600 quem
1570 2533 1666 2583 cum.

599 2625 790 2688 constanter
822 2625 857 2688 et
886 2622 1037 2709 graviter
1069 2616 1304 2687 accusaretur³
1333 2622 1369 2686 ct
1398 2615 1667 2684 convinceretur.

602 2745 700 2812 super
713 2721 779 2790 hiis
801 2721 1141 2803 omnibus,confessus
1156 2718 1258 2810 [est]⁴
1270 2743 1305 2789 se
1326 2715 1436 2810 pslnm
1457 2709 1666 2789 interfuisse.

598 2827 730 2893 cuidam
745 2821 913 2905 sacrificio,
924 2827 1013 2914 quod
1027 2825 1050 2893 J
1052 2821 1141 2893 udaei
1162 2824 1308 2891 fecerant
1322 2823 1364 2890 de
1386 2840 1487 2911 puero
1503 2817 1666 2908 quodum.

599 2923 762 2996 crucifixo.
808 2926 951 2996 Etcum
973 2927 1062 2996 idem
1083 2930 1240 2995 diaconus
1254 2922 1346 2993 visus
1368 2931 1419 2994 est
1440 2924 1667 2993 circumcisus.

599 3037 634 3100 et
657 3032 749 3101 nulls
771 3033 879 3100 voluit
907 3031 1037 3102 ratione
1064 3031 1223 3120 resipisci,
1246 3025 1473 3119 apostatavit⁶
1496 3022 1691 3114 sollemp-.'

599 3137 688 3204 niter
709 3156 817 3205 coram
839 3134 1085 3225 archiepiscopo
1107 3139 1141 3203 et
1165 3135 1319 3224 prelatis,
1336 3130 1394 3222 qul
1415 3128 1539 3200 ibidem
1563 3146 1668 3220 prce.

600 3245 708 3308 sentes
738 3239 884 3318 fuerunt,
915 3240 969 3306 sic.
1007 3239 1124 3305 Allata
1151 3237 1218 3305 fuit
1248 3261 1329 3304 crux
1358 3239 1436 3304 ante
1465 3257 1541 3302 eum
1570 3257 1668 3301 cum.

600 3343 776 3422 (iruciflxo,
791 3347 826 3410 et
847 3341 970 3409 minxit
984 3363 1082 3429 super
1105 3363 1245 3423 crucem,
1268 3337 1388 3422 dicens,
1405 3335 1669 3407 “Abrenuncio.

599 3443 667 3535 legi
691 3466 788 3514 novae
812 3450 847 3514 et
860 3445 1017 3522 inventae,
1033 3447 1069 3510 et
1088 3441 1306 3511 commentis⁶
1320 3443 1426 3509 Jhesu
1447 3437 1669 3532 pseudopro.

600 3549 720 3637 phetae,
734 3568 893 3638 spernens
916 3553 950 3615 et
972 3546 1178 3635 vilipendens
1194 3544 1345 3626 Mariam,
1360 3543 1455 3634 ejus⁷
1475 3541 1670 3613 matrem.”.

601 3650 666 3720 cui
680 3645 812 3718 addidit
827 3651 994 3740 quoddam
1017 3648 1204 3717 convicium
1221 3645 1427 3717 irrecitabile
1472 3649 1519 3716 Et
1531 3641 1670 3716 statim.

601 3753 811 3822 deordinavit
837 3774 912 3822 eum
942 3751 1211 3844 archiepiscopus,
1238 3753 1321 3820 flens
1344 3767 1462 3833 amare,
1492 3766 1530 3818 eo
1559 3751 1670 3840 quod.

602 3857 753 3925 audierat
777 3862 847 3925 tom
874 3852 1091 3924 execrabilem
1115 3853 1327 3923 blasfemiam.
1372 3855 1419 3922 Et
1441 3849 1583 3944 ejectum
1606 3870 1671 3922 cx.

601 3956 760 4044 ccclesia,⁸
781 3961 898 4027 stetim
930 3956 1108 4039 Faloesius,
1130 3957 1189 4047 qui
1218 3981 1345 4048 semper
1367 3981 1488 4048 pronus
1510 3959 1577 4026 fuit
1604 3959 1671 4025 cd.

601 4057 836 4133 effundendum
866 4057 1069 4152 sanguinem,
1091 4062 1235 4152 arripuit
1266 4085 1349 4142 cum,
1382 4068 1418 4129 et
1443 4058 1562 4149 jurans
1591 4085 1671 4150 per.

600 4172 719 4256 guttur
752 4162 816 4233 Dei
847 4167 946 4248 dixit,
969 4159 1177 4232 “Abscidam
1207 4170 1334 4255 guttur,
1365 4188 1424 4254 per
1445 4158 1532 4252 quod
1562 4162 1671 4233 exie.

601 4275 681 4336 runt
711 4269 794 4336 talia
822 4265 952 4336 verba.”
999 4264 1045 4335 Et
1072 4269 1195 4335 ducens
1224 4269 1347 4358 ruptim
1368 4269 1406 4334 in
1431 4269 1502 4336 loco
1525 4272 1671 4336 secreto·

602 4377 699 4440 extra
720 4373 845 4454 villam,
870 4371 1046 4439 decollavit
1073 4394 1157 4439 eum.
1208 4368 1293 4438 Erat
1315 4377 1429 4438 autem
1451 4371 1521 4462 ipse
1551 4365 1671 4439 miser·

605 4539 1065 4548 ..u-——.-—-.-.—---
1086 4539 1133 4544 ...—
1148 4538 1157 4543 .

638 4629 714 4681 'The
737 4629 819 4681 vhole
841 4629 872 4680 ol
892 4628 942 4680 this
960 4629 1064 4695 chapter
1085 4616 1132 4680 is¹
1187 4630 1380 4696 ’mem
1399 4629 1617 4694 metuallll.

606 4709 727 4760 addedon
736 4709 779 4760 the
790 4709 868 4760 lover
877 4709 984 4776 margin.
1001 4708 1107 4760 nno.
1186 4711 1258 4777 ⁴eat]
1276 4710 1634 4776 Suppliecnumconjecme

604 4789 655 4853 (ed.
666 4787 747 4850 Wats,
758 4801 782 4855 p.
795 4789 858 4854 314)
869 4789 912 4839 the
923 4794 997 4854 story
1009 4789 1032 4839 l
1043 4788 1105 4853 only
1185 4787 1372 4856 ἀροεωεαυίε]
1390 4783 1523 4855 spectarit,
1533 4787 1590 4841 MS.

603 4866 694 4934 briefly
710 4869 810 4920 alluded
829 4873 863 4930 to,
886 4868 965 4919 under
985 4867 1028 4918 the
1046 4882 1107 4933 year
1185 4869 1355 4936 ὀοηιωιιιίε]
1374 4869 1572 4933 οοωεηῐίι,Μ8.

606 4951 679 4997 1222.
1065 4986 1070 4994 .
1184 4949 1271 5016 ἐμ]
1290 4947 1437 5001 Intcrh‘nfld.

636 5026 852 5093 ‘recreatam
862 5027 1034 5090 circumdaris,
1045 5025 1103 5079 MS.
1183 5025 1318 5096 ἰσοῐωία]
1336 5027 1545 5092 sewun
