4242 6159
631 1063 696 1128 450
753 1076 919 1128 uanum
941 1075 1155 1128 saarsrnsus
1176 1073 1343 1128 numam
1364 1074 1563 1129 suenonuu

461 1265 532 1318 Am,
547 1269 618 1318 1241.
631 1257 703 1345 ipsi,
727 1259 801 1345 plus
832 1257 903 1324 Deo
926 1279 1025 1344 quam
1047 1255 1177 1322 homini
1199 1255 1397 1336 obedientes,
1419 1257 1510 1346 apud
1531 1255 1678 1322 danuam

462 1346 617 1476 ffisffi'
629 1353 819 1448 navigaturi
840 1382 942 1426 naves
964 1360 1196 1438 ascendissent,
1211 1364 1245 1426 et
1260 1383 1281 1426 a
1294 1366 1393 1448 portu
1415 1361 1570 1439 exissent,
1584 1359 1678 1425 Hen-

462 1479 560 1532 nnsius.
609 1451 724 1544 'ricus
749 1465 864 1550 quiet
887 1462 1027 1529 Ensius¹
1053 1463 1183 1539 dieitur,
1204 1462 1293 1529 filius
1314 1462 1471 1529 videlicet
1494 1463 1678 1529 Fretherici

628 1567 837 1655 imperatoris
858 1566 1029 1644 naturalis,
1052 1587 1096 1630 ex
1117 1571 1280 1653 praecepto
1314 1566 1428 1654 patris,
1451 1588 1528 1632 cum
1549 1566 1677 1632 Pisanis

629 1669 688 1736 et²
713 1669 828 1734 multis
850 1666 947 1751 aliis,⁸
969 1667 1049 1756 ipsis
1072 1667 1207 1734 obviam
1228 1665 1396 1735 hostiliter
1421 1669 1566 1748 veniens,
1588 1671 1677 1757 cepit

628 1774 702 1839 illos
723 1774 941 1839 irreverenter
971 1771 1073 1837 nimis
1097 1770 1136 1836 in
1165 1769 1274 1838 mari⁴
1319 1771 1362 1838 In
1399 1795 1466 1860 quo
1498 1773 1677 1839 certamine

627 1877 727 1943 multi
750 1876 840 1963 capti
863 1881 942 1942 sunt
974 1876 1015 1941 de
1036 1873 1274 1956 Januensibus,
1296 1875 1400 1962 aliqui
1421 1876 1593 1958 submersi,
1615 1876 1676 1942 sli-

629 1981 687 2067 qui
709 1979 876 2060 trucidati,
905 1999 1033 2046 necnon
1055 1977 1097 2044 de
1118 1979 1265 2065 praelatis
1286 1979 1386 2045 multi
1408 1981 1569 2048 submersi
1589 1979 1676 2069 peri·

628 2089 734 2150 erunt.
790 2081 888 2169 Capti
910 2103 997 2162 vero,
1021 2082 1124 2148 immo
1157 2103 1235 2148 vere
1269 2083 1402 2170 captivi,
1435 2103 1478 2148 ex
1511 2087 1676 2172 praecepto

629 2187 710 2252 dicti
746 2186 955 2272 imperatoris
992 2206 1051 2274 per
1084 2185 1221 2272 longum
1257 2185 1359 2251 maris
1394 2191 1540 2252 tractum
1572 2208 1676 2275 nsque

627 2289 803 2377 Neapolim
835 2288 927 2356 ducti
960 2295 1040 2355 sunt
1071 2288 1306 2356 incarcerandi
1352 2289 1503 2357 Fuerunt
1528 2311 1607 2357 vero
1637 2291 1675 2373 in

627 2395 711 2458 mari
733 2393 862 2460 circiter
883 2415 939 2459 xv.
965 2393 1092 2471 diebus,
1115 2393 1248 2459 ardenti
1279 2392 1341 2459 soli
1370 2398 1406 2460 et
1426 2395 1548 2460 muscis
1569 2395 1675 2462 vineti

627 2497 670 2562 ad
698 2497 840 2564 invicem
863 2500 897 2562 et
918 2496 1090 2562 voluntati
1112 2495 1295 2562 crudelium
1317 2496 1502 2583 piratarum
1522 2497 1673 2585 expositi,

460 2613 606 2696 Thelepte
624 2600 810 2688 compressi,
833 2597 975 2666 famelici
1000 2605 1035 2666 et
1056 2600 1215 2666 sitientes
1261 2599 1358 2667 Inter
1383 2622 1466 2686 quos
1487 2605 1559 2666 erat
1582 2601 1674 2679 Otto,

460 2682 562 2816 3223*
626 2704 684 2790 qui
706 2702 882 2789 aliquando
904 2703 1034 2791 ugnus
1055 2704 1092 2769 in
1113 2703 1246 2792 Angue,
1261 2702 1376 2770 mules
1391 2703 1457 2770 fuit
1471 2701 1674 2772 conopeum

460 2814 536 2867 them.
626 2805 800 2872 exultatus.

643 3063 875 3154 Ooofiwnotus
898 3059 1019 3134 clectos
1041 3060 1289 3133 Dunelmenc's
1311 3065 1410 3156 apud
1434 3065 1651 3137 Glooerulbm

1037 3167 1275 3236 cousecratur!

427 3393 430 3399 .
458 3353 595 3408 eonem.
669 3335 861 3422 Eodemque
892 3356 984 3412 auno¹
1011 3336 1170 3424 magister
1200 3334 1383 3402 Nicholaus
1416 3334 1458 3401 de
1495 3335 1670 3415 Fernbnm,

456 3423 745 3552 {jgnefge‘thgfelectus
761 3439 1003 3517 Dunelmensis,
1022 3439 1094 3526 jem
1116 3439 1330 3507 confirmatus
1344 3440 1432 3527 apud
1448 3437 1670 3518 Glovernissm2

457 3557 579 3609 Durhem.
623 3543 841 3631 praesentibus
864 3563 940 3630 rege
975 3549 1008 3608 et
1041 3543 1168 3630 regina,
1190 3548 1224 3610 et
1255 3547 1326 3609 tam
1355 3549 1549 3630 magnatum
1571 3565 1672 3630 quam

623 3645 837 3734 praelatorum
859 3645 991 3733 copioso
1012 3645 1238 3726 multitudine,
1259 3645 1302 3712 ab
1324 3646 1568 3733 archiepiscopo
1583 3647 1671 3713 Ebo-

479 3768 582 3821 sJune.
623 3749 748 3815 recensi
780 3748 938 3830 Waltero,
961 3770 992 3814 v.
1024 3749 1101 3816 idus
1131 3747 1229 3818 Juuii
1261 3770 1383 3816 munus
1416 3750 1672 3816 consecrationis

622 3853 771 3939 suscepit

657 4179 792 4246 ¹Endos]
811 4179 918 4240 Ensisis,
929 4179 987 4230 MS.
1144 4182 1147 4194 '
1169 4179 1199 4228 In
1223 4179 1266 4229 the
1293 4180 1392 4245 margin
1420 4195 1462 4230 nre
1490 4197 1559 4231 some
1586 4185 1669 4234 words

656 4262 719 4326 ²et]
739 4267 764 4310 et
783 4267 816 4318 et,
836 4259 908 4319 MS.;
931 4261 976 4308 but
995 4259 1060 4310 alter
1078 4259 1122 4310 the
1144 4226 1147 4331 i
1168 4259 1585 4324 writtenwithaplummettobe
1601 4265 1669 4321 read,

624 4341 678 4390 first
694 4349 717 4390 et
733 4355 801 4390 some
819 4341 900 4389 words
916 4353 982 4388 were
998 4341 1079 4388 added
1095 4340 1122 4388 in
1144 4342 1147 4377 l
1168 4339 1324 4404 apparently,
1334 4338 1438 4389 donum
1449 4339 1586 4399 honoribus,
1596 4343 1669 4405 offla·

624 4421 666 4470 the
677 4421 785 4484 margin,
797 4419 881 4469 which
892 4419 956 4468 have
967 4419 1029 4468 been
1046 4419 1121 4469 aster·
1168 4433 1218 4468 ena.

624 4501 808 4550 wardserased.
1201 4499 1255 4549 'A
1284 4500 1358 4550 small
1385 4501 1460 4552 mitre
1495 4505 1545 4552 aud
1574 4498 1669 4554 crosisi

657 4581 667 4609 ¹
684 4578 755 4645 aliis]
775 4579 868 4629 Added
878 4577 906 4628 in
917 4593 997 4643 marg.
1168 4594 1211 4629 are
1228 4581 1315 4630 daun
1332 4581 1395 4631 with
1411 4595 1427 4631 a
1443 4582 1566 4646 plommet
1582 4584 1608 4633 lo
1625 4585 1668 4635 the

659 4659 667 4688 ¹
683 4660 708 4707 ln
719 4659 795 4724 mari]
814 4659 907 4708 Added
918 4657 946 4708 in
956 4673 1034 4723 marg.
1168 4660 1277 4724 margin.

656 4739 664 4767 ⁵
674 4737 730 4802 sud
746 4735 887 4802 honoribus]
908 4735 949 4788 On
966 4751 997 4788 an
1015 4751 1120 4789 emate.
