4242 6159
601 979 667 1042 300
727 990 893 1043 narrem
916 989 1132 1044 raarsmusrs
1154 989 1319 1042 maroam
1339 989 1539 1043 auunonuu.

432 1301 502 1355 au.
517 1307 589 1356 1228.
615 1282 665 1350 Dc
689 1279 917 1350 trooeolotioae
940 1279 1097 1360 Ricardc',
1120 1279 1381 1350 &raucum
1403 1281 1558 1370 episcopi,
1580 1283 1628 1350 oc

1004 1387 1238 1455 Deceleicum}

431 1559 592 1611 nannetica
638 1540 764 1607 Eodem
778 1561 875 1622 anno,
885 1543 1015 1606 cassata
1025 1529 1141 1606 Romae
1156 1539 1315 1606 electione
1326 1539 1477 1628 magistri
1488 1539 1648 1607 Willelmi
1659 1541 1827 1625 Boawenu

431 1627 590 1756 gffiffl
601 1641 701 1720 Scoti,
725 1642 958 1709 Dunelmensis
984 1641 1090 1722 electi,
1114 1642 1285 1724 Ricardus,
1307 1643 1558 1710 saresbiriensis
1580 1643 1648 1730 epi·
1688 1627 1724 1664 ¹⁷⁸
1740 1619 1797 1666 ¹⁵⁶·

432 1762 543 1824 aurato
600 1768 724 1834 scopus,
747 1746 791 1812 ad
818 1746 959 1812 eundem
983 1744 1209 1832 episcopatum
1236 1745 1426 1834 postulatur
1440 1751 1474 1812 et
1493 1747 1647 1812 transfer-

431 1826 554 1880 D¹¹¹¹¹⁸¹²
599 1855 664 1916 tur.
710 1849 792 1915 Post
817 1849 910 1936 cujus
941 1847 1198 1914 translationem
1221 1849 1369 1915 canonici
1394 1849 1649 1916 Sareabiricnses

598 1953 769 2039 elegenmt
792 1951 990 2039 magistrum
1012 1951 1198 2018 Robertum
1223 1950 1265 2018 de
1280 1949 1445 2017 Binham⁹
1467 1952 1504 2017 in
1526 1952 1647 2039 epieco

431 2069 551 2141 Daemon
598 2077 686 2143 pum,
702 2060 742 2121 ut
757 2059 954 2142 praetactum
969 2059 1027 2120 eat
1060 2053 1135 2134 Quo
1149 2053 1266 2140 utique
1281 2075 1369 2120 anno
1384 2053 1493 2120 decim
1507 2061 1557 2121 est
1571 2077 1648 2120 con·

432 2155 581 2238 giveqnto
599 2157 707 2224 tentio
729 2158 819 2223 inter
839 2157 1015 2223 monachos
1038 2156 1279 2223 coventrenses
1295 2162 1329 2223 et
1346 2157 1520 2223 canonicos
1536 2157 1825 2240 aiche-mena

430 2223 770 2342 {lssmlffss‘ss‘feldensea
785 2281 883 2347 super
905 2260 1055 2346 episcopo
1070 2259 1231 2346 eligend0,
1247 2259 1360 2325 Romae
1377 2281 1436 2346 per
1447 2261 1649 2359 ¹sententiam
1689 2243 1724 2280 ι’·
1739 2235 1796 2282 ¹⁵⁷·

431 2357 473 2407 ²¹¹0
483 2357 582 2423 bisuop.
600 2361 820 2436 diffinitivam,
838 2361 1033 2441 itascilicet,
1048 2365 1089 2426 ut
1104 2361 1257 2448 deinceps
1279 2361 1445 2449 episcopos
1459 2363 1650 2430 alternatim

599 2465 733 2551 eligant,
749 2463 903 2529 monachi
924 2463 1078 2551 primum,
1095 2469 1130 2530 et
1145 2463 1303 2543 canonici,
1326 2486 1364 2530 eo
1380 2464 1545 2544 defuncte,
1570 2466 1651 2532 alte-

597 2589 672 2632 rum
684 2591 693 2647 ;
724 2566 787 2631 hoc
816 2569 929 2630 tamen
961 2565 1147 2643 observato,
1169 2570 1209 2631 ut
1238 2565 1329 2652 prior
1352 2563 1583 2633 coventrensis
1612 2567 1650 2632 in

598 2669 758 2734 electione
780 2667 922 2755 primam
948 2689 1077 2754 semper
1099 2669 1221 2734 habeat
1243 2689 1364 2734 vocem.
1422 2669 1464 2734 In
1487 2692 1553 2756 qua
1578 2692 1650 2735 sen·

598 2772 707 2838 tentia
728 2772 863 2843 videtur
885 2771 1066 2857 plurimum
1084 2771 1154 2858 juri
1177 2770 1411 2855 monachorum
1435 2771 1535 2837 fuisse
1557 2772 1649 2837 dero-

597 2885 722 2964 gatum,
747 2872 806 2960 qui
827 2879 965 2938 eatenus
988 2895 1116 2960 semper
1138 2873 1310 2962 pontifices
1332 2873 1502 2960 elegerant
1525 2873 1649 2962 absque

600 2999 761 3046 consensu
784 2975 1024 3042 canonicorum.

642 3245 692 3309 De
714 3240 884 3309 acatemio
907 3241 951 3308 c'ee
972 3240 1213 3326 iaperatorem
1234 3241 1496 3330 mellaricum]
1520 3242 1597 3310 lato.

428 3405 582 3484 examma-
645 3391 740 3458 Circa
754 3389 824 3455 dies
844 3389 919 3454 illos
940 3411 1027 3475 papa
1042 3387 1226 3474 Gregorius
1242 3411 1317 3455 cum
1339 3390 1547 3477 imperatoris
1573 3413 1648 3457 con-
1660 3394 1825 3474 Res-Wand.

428 3471 583 3603 ffiffizgs
599 3493 785 3571 tumaciam,
809 3491 964 3556 simulet
987 3489 1147 3556 Crucifirri
1177 3497 1412 3580 contemptum,
1443 3493 1646 3581 impunitum
1689 3478 1724 3514 Π·
1741 3471 1798 3519 ¹⁵⁷·

429 3605 545 3684 roeme-
599 3596 726 3662 diutius
758 3593 942 3660 distulisset
964 3613 1003 3658 cc
1026 3591 1285 3672 dissimulasset,3
1309 3597 1452 3674 tandem,
1483 3619 1526 3662 ne
1555 3597 1670 3662 canis.

429 3673 505 3724 ἀπ’
598 3699 768 3764 videretur
788 3695 911 3761 latrare
933 3717 1001 3760 non
1023 3695 1149 3776 valens,
1165 3695 1206 3760 de
1222 3697 1357 3762 consilio
1379 3697 1519 3764 fratrum
1540 3698 1646 3764 cardi-

597 3801 723 3868 nalium
761 3821 896 3865 suorum
926 3798 1036 3884 ipsum
1069 3797 1299 3884 imperatorem
1338 3801 1645 3879 excommunicavit,

598 3909 633 3970 et
655 3903 759 3968 latam
782 3901 983 3967 sententiam
1005 3922 1065 3986 per
1093 3899 1209 3966 literae
1231 3903 1429 3988 apostolicae
1451 3904 1487 3968 in
1503 3903 1647 3974 ¹diversis

598 4005 716 4072 mundi
733 4004 885 4093 partibus
900 4003 1062 4089 publicari
1077 4005 1243 4092 praecepit.
1289 4003 1384 4070 Inter
1398 4011 1521 4073 ceteros
1536 4013 1647 4072 autern

597 4109 696 4195 hujus
733 4107 908 4173 sententiae
938 4105 1167 4191 publicatores,
1202 4105 1380 4192 Stephano,
1417 4107 1648 4176 Cantuam'enai

595 4210 851 4298 archiepiscopo,
873 4207 1006 4294 scripsit
1036 4208 1074 4271 in
1108 4206 1178 4274 haec
1208 4207 1318 4287 verba,
1345 4218 1361 4243 ¹‘
1372 4209 1557 4298 Gregorius,
1581 4215 1648 4300 epi-

595 4310 740 4402 ecopus,”
772 4317 832 4376 etc.
856 4331 930 4395 quaa
960 4307 1167 4394 sequuntur.⁴
1212 4309 1397 4397 Imperator
1418 4319 1532 4379 autem
1555 4315 1647 4400 Fue·
1660 4327 1828 4452 Bpavpsepu.

1699 4413 1725 4449 v.
1792 4439 1800 4453 .

1861 3353 1873 3398 4

628 4550 680 4602 ¹In
702 4550 746 4602 the
767 4548 867 4615 margin
883 4563 927 4598 are
944 4549 1031 4598 dmvn
1045 4555 1097 4597 two
1179 4547 1344 4615 ‘mentm
1363 4557 1489 4615 sequntur,
1499 4551 1557 4604 MS.
1585 4551 1649 4605 This

594 4632 682 4682 mitres
706 4629 794 4691 joined
814 4627 937 4693 together,
964 4626 1026 4677 reith
1052 4625 1097 4677 the
1146 4629 1648 4696 wordnndtheprecedingoneareonan

595 4705 1005 4761 heidofacrosierabovethem
1146 4721 1254 4758 erasure.
1276 4708 1333 4758 The
1342 4709 1416 4760 letter
1427 4710 1647 4774 iainWendover,

626 4787 772 4853 stratam]
786 4786 919 4838 Corrcctetl
928 4783 1056 4851 Baqtoa
1070 4784 1098 4834 in
1147 4787 1456 4892 ἰν.15.7-165,ιιιᾱὶιι,1,3,.
1468 4789 1564 4852 (Μαί.
1577 4793 1649 4842 “La-

594 4883 679 4998 mfii
686 4943 873 5011 dminslcuet]
884 4943 1099 5009 Addedinmarg.
1147 4874 1235 4928 tm,
1247 4877 1316 4933 pom.
1328 4883 1395 4920 anm
1406 4883 1432 4920 n·
