4242 6159
579 1011 644 1076 312
703 1023 869 1074 nsrrnnr
889 1020 1102 1072 rsnrsrsusrs
1124 1021 1288 1071 nrsrosm
1309 1020 1509 1070 morosum

412 1154 482 1261 111.
497 1215 568 1261 raso.
580 1197 698 1284 gratiae
723 1197 918 1264 beneficium
951 1197 1086 1290 diyinae,
1102 1201 1142 1262 ut
1164 1195 1288 1282 legenti
1310 1193 1428 1260 elarius
1448 1193 1623 1272 illucescat,

412 1300 539 1418 {ffips
580 1299 727 1387 ejusdem
741 1300 948 1388 imperatoris
967 1300 1082 1366 literas
1096 1299 1186 1386 legat
1198 1319 1279 1364 auro
1293 1296 1445 1374 bullatas,
1459 1317 1542 1382 quas
1555 1296 1626 1383 regi

412 1449 485 1496 perot
495 1443 521 1485 ω
581 1404 714 1490 Angliae
729 1404 873 1470 Henrico
889 1403 955 1470 ΙΙΙ.
965 1404 1065 1469 duxit
1083 1403 1121 1468 in
1135 1403 1204 1468 haec
1218 1403 1319 1470 verbs
1332 1401 1625 1468 transmittendos:

412 1500 825 1585 kinsflenrrrrrecherieus,
848 1507 912 1572 Dei
933 1507 1041 1594 grstia
1054 1506 1278 1572 Romanorum
1298 1503 1526 1592 imporator,’'¹
1550 1509 1610 1571 eto

581 1750 673 1819 Noto
693 1751 879 1820 Fretlrortci
894 1751 1043 1839 facicm,
1067 1751 1109 1820 ds
1130 1750 1409 1818 roeooctliutc'oos
1426 1750 1647 1818 Jerusalem·

412 1903 508 1984 The„
626 1899 800 1984 Ingressus
830 1905 881 1966 est
917 1899 1025 1986 igitur
1055 1903 1203 1965 sanctam
1237 1898 1410 1966 civitatem
1443 1899 1625 1966 Jerusalem
1636 1909 1807 1975 Itoswend.

412 1969 744 2104 mnexsrcitus
769 2001 986 2082 Christianus,
1010 2007 1044 2068 et
1068 2002 1254 2089 patriarcha
1280 2024 1355 2068 cum
1375 2002 1533 2090 episcopis
1558 2003 1626 2068 suis
1665 1977 1702 2030 ὴ·
1716 1982 1776 2031 ¹⁹⁷·

412 2103 562 2156 Jemnrem.
581 2103 796 2192 suffraganeis
811 2104 1042 2170 mundificavit
1057 2105 1218 2192 templum
1239 2105 1377 2172 Domini
1399 2109 1434 2170 et
1459 2105 1627 2172 ecclesiam

582 2207 698 2273 Sancti
728 2205 907 2293 Sepulchri,
941 2228 1015 2272 cum
1048 2206 1123 2273 aliis
1161 2207 1303 2274 ecelesiis
1334 2207 1456 2273 sanctis
1484 2212 1520 2273 et
1546 2207 1626 2272 locis

413 2308 538 2424 Mlaanot
581 2307 826 2375 venerabilibus
846 2308 1014 2389 civitatis;
1037 2310 1209 2375 abluentes
1230 2311 1461 2397 pavimentum
1482 2315 1517 2376 et
1539 2311 1627 2396 peri·

412 2378 556 2494 mim
583 2417 651 2477 stes
676 2432 763 2496 aque
776 2408 958 2489 benedicte,
973 2415 1009 2476 et
1034 2417 1169 2498 agentes
1192 2413 1412 2499 processiones
1426 2413 1462 2477 in
1476 2411 1627 2498 hymnis²

414 2507 474 2572 city,
484 2524 519 2558 ⁰¹¹
550 2575 565 2625 f
584 2518 619 2579 et
633 2511 779 2590 canticis,
793 2512 1087 2578 reconciliavenmt
1102 2513 1174 2580 Deo
1189 2515 1261 2579 loca
1274 2515 1439 2593 universa,
1462 2515 1627 2581 diuturnis

413 2585 570 2692 ffissffiss.
582 2612 767 2681 infidelium
792 2613 943 2680 sordibus
965 2615 1148 2704 profanata
1193 2615 1317 2682 Verum
1341 2617 1500 2703 quamdiu
1524 2617 1627 2703 impc-

414 2707 570 2826 fflffifl
581 2723 683 2798 rator,
713 2717 773 2804 qui
801 2718 1105 2785 excommunicatus
1134 2717 1250 2798 fuerat,
1273 2719 1363 2785 intra
1388 2719 1480 2784 urbis
1504 2719 1627 2785 moenia

414 2855 495 2904 perer.
582 2843 709 2886 morsm
734 2820 821 2898 fecit,
843 2819 955 2886 nullus
976 2821 1134 2908 praelatus
1156 2821 1287 2886 eidsm³
1310 2822 1442 2888 missam
1467 2822 1626 2888 celebrare

580 2922 799 3011 praesumpsit
844 2923 1005 3010 Magister
1026 2930 1141 2990 tamen
1163 2923 1341 3006 Wolterus,
1364 2923 1467 2991 freter
1490 2924 1624 3010 quidam

581 3027 622 3092 ds
638 3026 762 3092 Ordine
777 3024 1045 3104 Praediostorum,
1059 3025 1222 3113 Anglicus
1236 3027 1382 3108 natione,
1399 3027 1452 3092 vir
1472 3027 1647 3094 literatus.

581 3134 615 3195 et
638 3128 807 3206 discretus,
831 3128 889 3214 qui
909 3151 930 3195 a
951 3127 1086 3194 domino
1109 3150 1196 3216 papa
1218 3127 1360 3195 officium
1383 3129 1625 3216 predicationis

580 3231 616 3296 in
640 3230 789 3296 exercitu
812 3229 938 3297 Christi
961 3235 1157 3317 susceperat,
1180 3231 1360 3298 celebravit
1382 3231 1499 3297 divina
1521 3231 1558 3296 in
1574 3253 1625 3298 sc·

581 3334 687 3400 clesiis
715 3333 921 3414 suburbanis,
946 3333 1033 3399 unde
1057 3333 1205 3399 fidelium
1229 3335 1328 3400 corda
1350 3333 1393 3400 ad
1415 3334 1625 3401 devotionem

581 3435 743 3502 excitavit
772 3439 808 3500 st
837 3434 881 3500 ad
910 3435 1105 3522 obsequium
1128 3435 1256 3502 Christi
1284 3437 1456 3502 animavit
1512 3437 1645 3508 Inten-.

560 3623 565 3632 .
581 3537 673 3602 ditur
696 3538 801 3624 igitur
821 3537 865 3602 ad
888 3537 1177 3604 reaedificationem
1197 3537 1353 3620 civitatis,
1369 3546 1507 3624 eratque
1529 3545 1645 3612 tanta.

581 3641 670 3707 inter
684 3639 887 3706 Christianos
899 3640 1072 3718 exultatio,
1087 3644 1127 3706 ut
1142 3640 1334 3708 viderentur
1354 3641 1494 3707 terrenis
1516 3642 1646 3715 coelee,

582 3742 631 3808 tia
653 3741 861 3808 commisceri.

581 3989 631 4055 De
653 3987 816 4076 soperbia
841 3994 871 4056 ct
893 3987 1039 4055 torridis
1069 3989 1345 4077 Temploriooum
1374 3995 1404 4057 et
1426 3989 1647 4078 Hospitula·,

903 4090 1040 4163 riorum
1061 4091 1106 4158 io
1127 4091 1186 4158 boc
1207 4091 1310 4158 coac!

628 4239 705 4304 Hiis
742 4246 863 4316 eutem,
894 4239 966 4304 Deo
995 4241 1216 4327 dispensante,
1247 4239 1416 4320 ordinatis,
1440 4240 1647 4328 imperator„

582 4347 622 4408 ut
650 4343 793 4430 vestigia
827 4341 952 4408 Christi
987 4341 1118 4428 plenius
1154 4343 1315 4424 adoraret,
1353 4341 1500 4429 disponit
1529 4343 1647 4430 pedes.

616 4559 624 4589 ¹
636 4558 700 4609 'l'his
708 4559 781 4609 letter
791 4559 814 4608 is
824 4557 851 4607 in
860 4558 961 4621 wenc,
971 4559 1006 4608 ir.
1019 4564 1084 4610 189-
1102 4554 1107 4594 ¹
1160 4561 1170 4591 ⁴
1181 4559 1245 4612 This
1265 4563 1315 4610 sud
1327 4561 1369 4611 the
1377 4560 1508 4627 sonoving
1527 4562 1630 4627 chapter

587 4643 643 4700 19³,
654 4637 744 4689 andin
755 4638 787 4688 B.
802 4637 841 4698 0.,
852 4638 928 4689 dated
943 4637 1083 4690 otiatura·
1126 4655 1169 4690 sre
1187 4639 1292 4690 marked
1303 4638 1365 4689 with
1383 4641 1428 4690 red
1446 4639 1531 4690 letters
1541 4640 1568 4689 iu
1585 4639 1627 4691 the

581 4717 640 4778 lem,
655 4720 683 4768 17
695 4717 795 4779 March,
809 4722 881 4768 1229.
1125 4717 1226 4784 margin
1242 4717 1309 4779 thus,
1324 4721 1340 4746 ‘⁴
1351 4715 1440 4778 Vocat,
1451 4719 1510 4783 quib
1525 4717 1627 4785 offendi·
1763 4749 1770 4766 .

613 4793 741 4861 'hymaid
759 4795 862 4854 himin,
874 4795 931 4846 MS.
1126 4795 1204 4848 salua
1219 4795 1434 4863 Temploriorumss’
1468 4797 1625 4864 Thsyarsin

615 4877 626 4906 ¹
636 4875 723 4942 eidem]
743 4875 779 4928 So
789 4878 844 4927 also
855 4877 898 4936 C.;
910 4877 1029 4936 iaec,W.
1049 4877 1082 4928 Iu
1125 4875 1157 4926 B.
1168 4876 1208 4935 0.,
1219 4875 1265 4926 hut
1275 4882 1320 4926 not
1330 4889 1359 4927 so
1370 4875 1418 4927 full
1429 4891 1456 4927 as
1467 4876 1534 4929 here.

581 4956 612 5006 B.
624 4957 693 5006 thess
703 4957 786 5008 words
796 4956 862 5008 hare
873 4958 936 5008 besu
946 4958 1042 5010 erased.
