4242 6159
664 1077 711 1126 oa
733 1076 892 1128 rmrrouu
914 1077 1016 1128 naurs
1039 1078 1194 1144 amaror,
1216 1080 1281 1128 vra.
1305 1079 1429 1130 ranrsr.
1495 1065 1560 1135 257

512 1251 611 1317 miter
643 1251 762 1333 fuerat,
793 1252 873 1318 dum
903 1253 1044 1341 imprisii
1066 1255 1128 1336 sui,
1150 1255 1209 1340 qui
1234 1254 1324 1342 apud
1354 1253 1728 1321 theomenes-122³.

512 1355 601 1441 capti
622 1355 763 1434 fueraut,
777 1357 821 1422 ad
843 1356 1103 1444 redemptionem
1124 1358 1353 1445 gravissimam
1371 1363 1450 1424 sunt
1472 1380 1560 1424 com-

512 1456 608 1541 pulsi
652 1456 704 1524 De
726 1457 938 1524 libertatibus
953 1463 1067 1525 autem
1086 1461 1182 1547 regni
1195 1461 1335 1548 Angliae,
1358 1483 1418 1549 pro
1440 1461 1559 1547 quibus

512 1581 631 1645 guerra
647 1559 740 1647 juste
764 1565 856 1628 mota
885 1561 959 1638 fuit,
982 1584 1064 1648 quae·
1080 1563 1118 1627 in
1143 1584 1272 1629 recessu
1297 1585 1357 1629 suo
1379 1569 1561 1651 spontanea

491 1661 684 1729 ‚voluntate
714 1667 749 1730 et
774 1685 889 1730 screno
912 1665 1011 1730 vultu
1035 1687 1195 1732 concessae
1208 1665 1350 1743 lucrant,
1365 1670 1400 1731 et
1422 1666 1464 1731 ab
1487 1666 1559 1753 ipso

490 1784 587 1850 .rege
616 1769 652 1830 et
681 1766 835 1832 omnibus
859 1765 935 1832 aliis
959 1764 1191 1854 magnatibus¹
1216 1767 1294 1834 hinc
1319 1767 1400 1833 inde
1424 1769 1558 1854 juratae,

491 1865 664 1934 ,ellectum
702 1869 897 1956 promissum
934 1890 1002 1935 non
1040 1872 1234 1949 sortiuntur,
1263 1892 1323 1936 nec
1360 1871 1404 1936 ad
1432 1874 1559 1937 statum

513 1968 690 2054 pristinum
716 1970 868 2037 debitum
897 1993 937 2036 ac
960 1976 1118 2058 rogatum
1143 1976 1223 2039 sunt
1252 1973 1407 2052 reductae,
1437 1973 1496 2037 sed
1524 1975 1559 2037 et

513 2069 579 2136 illis
600 2073 775 2158 nequiores
796 2095 855 2161 per
877 2077 988 2140 totum
1010 2096 1150 2162 regnum
1169 2075 1305 2162 Angliae
1326 2078 1406 2140 sunt
1423 2095 1559 2161 genera-

493 2171 591 2238 ,liter
610 2177 812 2242 constitutae.
857 2177 1000 2257 “Immo,
1022 2177 1112 2264 quod
1134 2177 1240 2264 magis
1261 2177 1327 2243 fuit
1347 2176 1557 2258 tirannicam,

491 2276 677 2361 ,quendam
696 2277 962 2344 nobilissimum²
984 2281 1091 2346 civem
1113 2281 1387 2361 Londoniensem,
1410 2301 1449 2345 eo
1469 2279 1558 2365 quod

492 2378 674 2464 ‚professus
697 2387 747 2446 est
770 2403 804 2448 se
826 2382 971 2448 amicum
992 2403 1102 2448 meum
1118 2383 1228 2462 fuisse,
1245 2383 1422 2470 suspendio
1444 2382 1558 2470 damp-

492 2481 630 2548 .navit.³
685 2483 776 2548 Dum
806 2484 911 2570 igitur
940 2486 976 2548 in
1006 2491 1138 2571 pectore
1166 2507 1241 2550 meo
1276 2486 1390 2552 vitalis
1421 2485 1697 2572 spiritushurre-

492 2583 704 2670 ,palpaverit
727 2586 895 2673 postulata
909 2587 1100 2652 nulatenus
1114 2588 1204 2674 pacti
1222 2585 1464 2674 transgressor*
1484 2609 1557 2675 pos·
1568 2558 1676 2690 ml}

489 2685 655 2754 ,uidebit‘⁵
707 2688 839 2776 Dignus
861 2689 950 2754 euim
976 2688 1048 2754 est⁶
1070 2689 1187 2775 repelli
1208 2696 1243 2755 et
1272 2691 1465 2772 conculcari,
1488 2690 1555 2776 qui,
1568 2691 1631 2741 with
1641 2693 1685 2742 the

252 2821 262 2854 ,-
335 2787 582 2874 sol.1osa..jure
611 2792 802 2878 postposito,
826 2813 901 2858 suos
924 2792 1133 2878 persequitur
1154 2798 1189 2859 et
1212 2792 1407 2858 conculcat’'
1460 2792 1557 2873 Quod
1567 2759 1683 2810 dm&

511 2891 683 2958 audientes
706 2879 965 2982 archiepiscopus
986 2898 1022 2959 et
1041 2894 1193 2981 episcopi,
1216 2915 1289 2960 cum
1311 2893 1404 2959 aliud
1425 2915 1558 2982 respon-

491 3013 585 3059 .sum
607 2994 727 3062 habere
747 3018 815 3063 non
837 3001 999 3084 poterant
1024 3017 1100 3062 cum
1126 2995 1241 3061 sannis
1261 2996 1306 3061 ad
1327 2996 1460 3083 propria
1481 3003 1560 3062 sunt

492 3099 643 3179 .reversi,
664 3100 735 3186 regi
756 3099 888 3186 Angliae
911 3120 986 3184 quae
1009 3098 1186 3164 audierant
1210 3098 1355 3164 relaturi
1411 3098 1457 3164 Et
1478 3103 1560 3165 tuno

493 3245 500 3259 ·
512 3201 673 3288 poenituit
687 3223 798 3290 regem
812 3203 944 3290 Angliae
957 3206 1028 3267 tam
1043 3201 1271 3266 favorabiliter
1285 3222 1359 3265 cum
1374 3199 1558 3279 Lodowico,

493 3305 570 3390 -qui
595 3303 631 3367 in
657 3305 857 3371 retiaculum
882 3326 979 3370 suum
1005 3303 1178 3382 inciderat,
1211 3301 1437 3390 composuisse.
1494 3303 1562 3367 Im-

492 3427 636 3492 ·ponens
660 3405 722 3472 hoc
743 3429 803 3494 per
833 3406 1061 3472 Maresccllum
1095 3407 1197 3472 fuisse
1221 3404 1458 3485 machinatum,
1484 3427 1559 3471 oum

493 3513 625 3574 samen
647 3510 760 3575 omnia
783 3508 815 3575 ei
838 3509 882 3574 ad
897 3513 1014 3576 votum
1038 3508 1181 3576 feliciter
1202 3508 1405 3587 accidissent,
1427 3508 1457 3573 ai
1478 3507 1561 3574 fides

492 3610 664 3678 ·effectum
686 3611 849 3678 tenuisset
871 3612 1147 3699 compromissum.

512 3926 664 3995 Borouce
679 3934 776 3995 tcoroe
789 3933 1019 3995 murmruuot
1038 3934 1158 3994 contro
1172 3926 1212 3992 H
1209 3925 1368 3992 obcotma
1382 3925 1424 3991 dc
1437 3925 1560 4008 Burpo.

330 4081 501 4164 πομπὰ.
555 4075 682 4142 Eodem
705 4096 835 4162 quoque
849 4097 936 4142 anno
952 4075 1097 4142 surrexit
1110 4073 1327 4139 murmuratio
1350 4093 1419 4138 non
1432 4070 1562 4137 modica
1572 4098 1727 4152 Thebarum

251 4169 264 4206 '
370 4166 410 4201 ι’·
424 4155 466 4201 ⁸⁸·
511 4173 599 4244 inter
633 4184 807 4267 magnates
838 4178 972 4264 Angliae
1008 4184 1125 4243 contra
1154 4175 1346 4241 Hubertum
1376 4173 1417 4238 de
1447 4173 1559 4260 Burgo
1570 4182 1684 4247 ΜΨ

491 4327 499 4340 .
506 4277 739 4364 justiciarium,
761 4279 819 4366 qui
842 4301 877 4346 se
899 4301 1000 4367 supra
1021 4300 1057 4346 se
1078 4301 1203 4366 gerens,
1225 4278 1325 4342 nimis
1346 4273 1480 4342 Omni²⁷
1501 4241 1711 4353 Vffffiue

492 4381 636 4449 .luntati
649 4383 737 4470 regis
757 4382 957 4460 incruvavit,
972 4381 1031 4469 qui
1047 4383 1119 4470 jam
1138 4381 1242 4468 aequis
1263 4378 1367 4446 oculis
1388 4382 1559 4466 magnates
1569 4368 1667 4434 Burgi.

546 4703 732 4774 'nopnotttnd
750 4703 914 4772 magnidbua,
924 4703 983 4755 MS.
1096 4699 1261 4768 *midebifl
1280 4697 1447 4764 possisidebit,
1457 4697 1513 4751 MS.

546 4783 753 4851 'nobilissimum
772 4785 930 4846 nobiliarum,
941 4781 998 4834 MS.
1095 4823 1106 4853 ,
1216 4817 1330 4870 med·

546 4863 722 4931 'dampnaviq
741 4863 939 4930 depravitbffl.
1116 4820 1166 4886 m]
1184 4819 1216 4869 In

545 4943 633 5008 ⁴pocri
651 4943 829 5010 mnsprearor]
848 4943 890 4996 On
909 4957 943 4992 an
962 4955 1015 4993 era·
1096 4936 1209 5004 'omiaJ
1229 4936 1270 4990 on
1281 4948 1430 4988 anuum.

512 5035 579 5072 nure.

600 5129 676 5181 vot
702 5131 738 5181 Π.
1407 5125 1432 5172 Β
