4242 6159
524 1036 590 1108 470
657 1051 819 1103 sumam
842 1049 1055 1102 mmsmums
1077 1045 1242 1100 mercam
1262 1045 1463 1100 mancusas

358 1229 616 1316 an.12c.qu0d
638 1229 739 1295 talem
762 1229 825 1319 sibi
848 1231 968 1318 papam
990 1227 1203 1315 providerent
1225 1231 1260 1292 et
1281 1227 1439 1303 crearent,
1455 1222 1514 1310 qui
1535 1221 1573 1286 in

524 1334 616 1400 nullo
649 1333 757 1399 eidem
786 1332 927 1412 rebellis,
950 1332 1024 1421 paci
1057 1331 1202 1420 profecto
1235 1328 1335 1396 sane¹
1363 1326 1572 1394 consentiret.

526 1436 656 1518 Quibus
685 1435 794 1503 verbis
823 1436 922 1502 fidem
946 1434 1109 1502 adhibens
1138 1435 1326 1522 imperator,
1350 1453 1463 1500 ornnes
1491 1451 1575 1518 prae-

524 1541 612 1608 latos
633 1541 851 1608 incarceratos
869 1538 972 1626 jussit
994 1537 1136 1605 liberari

572 1789 738 1864 Firruutae
764 1798 848 1862 suot
871 1799 997 1882 treuya
1022 1792 1117 1862 iuter
1142 1815 1233 1882 repes
1255 1792 1477 1862 Francorum
1499 1797 1529 1862 ct

944 1895 1151 1984 duplarum.

373 2063 500 2132 asApru.
568 2051 633 2119 Die
654 2075 732 2120 vero
754 2055 861 2121 sancti
885 2055 1015 2144 Georgii
1047 2061 1175 2142 treugae
1201 2053 1390 2143 praelocuta
1412 2057 1447 2119 et
1469 2056 1574 2138 captae

356 2144 613 2264 meon-inter
645 2156 846 2224 Francorum
880 2164 916 2224 et
946 2157 1135 2245 Anglorum
1168 2179 1271 2245 reges,
1295 2154 1575 2223 intermeantibus

356 2279 469 2330 between
523 2257 605 2323 viris
626 2259 783 2346 gravibus
798 2268 833 2325 et
856 2261 1044 2339 autenticis,
1059 2265 1141 2327 sunt
1157 2261 1383 2347 quinquennes
1397 2257 1575 2342 utrobique

355 2345 750 2478 fflffidconfirmatffi
787 2369 979 2430 remanente
1010 2369 1124 2429 tamen
1158 2363 1229 2451 regi
1264 2362 1466 2429 Francorum
1499 2365 1573 2426 toto

355 2489 411 2542 The
423 2500 500 2545 count
522 2469 712 2550 conquestu,
727 2486 825 2551 quem
839 2466 876 2531 in
891 2466 951 2533 illa
973 2467 1185 2556 expeditione
1207 2466 1419 2554 adquisierat.
1458 2464 1574 2531 (lomes

354 2557 494 2610 osseae.
521 2572 633 2633 eutem
665 2567 858 2648 Britannia,
889 2569 944 2634 vir
976 2570 1164 2650 cavillosus,
1197 2568 1408 2636 dissimulans
1442 2589 1478 2634 se
1512 2567 1575 2632 hoo

286 2657 291 2667 ¹
353 2631 472 2756 {idaim
519 2671 610 2748 scire,
629 2691 719 2737 more
740 2671 879 2759 piratico
902 2673 939 2738 in
961 2673 1047 2739 mari
1072 2673 1193 2761 praedis
1215 2673 1364 2739 intendit
1384 2678 1419 2738 et
1441 2671 1574 2758 rapinis

521 2772 595 2840 Rex
615 2771 721 2860 igitur
744 2773 955 2856 Francorum,
980 2777 1023 2842 ad
1046 2776 1246 2864 petitionem
1270 2776 1359 2864 regis
1379 2773 1574 2862 Anglorum,

518 2875 693 2962 injuriosos
729 2878 873 2965 impetus
910 2879 991 2946 dicti
1028 2880 1160 2946 comitis
1201 2880 1265 2946 sub
1302 2877 1576 2945 interminatione

519 2979 785 3048 exheredationis
807 2983 980 3071 imperiose
1003 2983 1208 3050 refrenavit.

525 3237 736 3338 Uniuereiluc
756 3237 971 3308 Francorum
1002 3262 1082 3308 cum
1115 3239 1190 3328 ipso
1223 3259 1295 3326 repe
1322 3237 1511 3327 persuadet,
1534 3242 1575 3305 ut

595 3342 789 3412 aruum
806 3365 941 3434 paparo
962 3343 1101 3412 acleeioe
1119 3341 1332 3430 procidendo
1354 3340 1492 3430 aliqum.

352 3507 409 3566 The
564 3501 627 3568 Per
647 3502 737 3568 idem
758 3507 902 3598 tempus
919 3525 980 3570 rex
1011 3507 1045 3570 et
1077 3500 1227 3569 Francius
1258 3501 1457 3568 universitas
1479 3498 1574 3565 mise-

351 3581 452 3700 fflffih
518 3610 597 3670 runt
619 3605 814 3694 sollempnes
836 3607 974 3673 nuncios
1000 3606 1043 3672 ad
1074 3607 1200 3671 curiam
1223 3605 1416 3684 Romanam,
1439 3602 1575 3691 praecise

350 3716 493 3770 minionto
518 3713 553 3774 et
575 3707 747 3778 efficaciter
768 3710 1003 3800 persuadenda
1019 3713 1059 3776 ut
1081 3708 1146 3798 ipsi
1169 3687 1352 3776 cardinales
1373 3730 1495 3796 papum
1508 3707 1574 3773 rite

351 3781 478 3916 &¹2⁰2th
518 3813 777 3892 constituentes,²
813 3813 995 3880 universali
1032 3812 1176 3879 ecclesiae
1214 3812 1372 3879 solatium
1409 3810 1574 3898 pastorale

350 3917 500 3972 canonos
517 3916 681 3982 maturius
702 3916 917 4006 providentes
947 3916 1115 4004 eligerent,
1140 3938 1184 3981 ne
1218 3915 1342 3982 vitium
1378 3914 1574 3980 invidisset

351 3999 449 4050 'W'
518 4017 657 4085 scisma³
683 4040 796 4085 eorum
830 4020 875 4085 sit
906 4041 1003 4086 causa
1036 4019 1143 4085 ruinae
1169 4018 1275 4085 totius
1308 4017 1574 4085 Christianitatis

519 4126 553 4189 et
576 4117 783 4212 corruptela3
807 4122 861 4188 vel
882 4121 947 4209 ipsi
970 4121 1100 4202 Franci,
1124 4121 1312 4209 [propter]⁴
1334 4120 1573 4209 negligentiam

519 4245 641 4305 eorum,
658 4219 699 4292 de
721 4224 785 4290 sibi
807 4224 957 4314 eligendo
980 4229 1015 4291 et
1036 4223 1242 4312 providendo
1264 4245 1393 4290 summo
1415 4223 1572 4310 pontifice

518 4329 604 4396 citra
624 4332 764 4408 montes,
787 4329 838 4394 cui
861 4329 897 4393 in
919 4327 1064 4395 Domino
1086 4327 1219 4394 Christo
1242 4325 1399 4393 obedire⁶
1420 4333 1573 4393 teneren-

519 4437 585 4511 tur,
601 4429 821 4520 quantocius⁰
841 4435 1094 4498 contrectarent.
1141 4431 1187 4496 Et
1208 4429 1271 4497 hoc
1293 4430 1449 4497 audacter
1470 4428 1573 4518 signi·
1705 4518 1710 4528 Ι

553 4673 653 4740 ¹acae]
687 4673 836 4734 Inlerllned,
863 4674 914 4724 and
941 4687 1017 4739 eppa·
1093 4671 1222 4739 'sem
1242 4665 1330 4734 clame,
1340 4671 1399 4724 MS.

517 4755 602 4821 rently
612 4753 786 4818 superductu
803 4768 853 4803 orn.
865 4753 895 4802 E.
1094 4751 1566 4820 ‘propter]8uppliedfl·omC.Om.B.

549 4833 756 4900 moereamus]
787 4831 843 4883 The
867 4832 923 4882 first
945 4831 1016 4884 three
1093 4831 1229 4898 'obedird
1248 4831 1427 4894 obruereris·

485 4937 488 4944 ·
515 4913 634 4979 syllables
662 4929 705 4964 are
732 4927 766 4964 on
787 4901 820 4966 an
843 4927 950 4964 manure
985 4913 1016 4962 In
1093 4912 1278 4978 ‘qwnwciaq
1298 4911 1421 4963 Thelser
1440 4919 1492 4965 tvo
1510 4911 1564 4980 syl·

513 4992 545 5044 Ba
558 4992 587 5045 O.
599 4990 716 5058 elipeum.
1054 4990 1346 5044 'lsbloeminterlinad
