4242 6159
636 1026 702 1095 396
762 1037 929 1091 narrum
951 1036 1165 1089 rsarsmusrs
1187 1036 1354 1089 mercare
1375 1034 1577 1089 annnorum

359 1305 363 1311 Δ
465 1231 534 1286 Μ).
548 1233 621 1283 raas.
634 1215 771 1281 miserat
791 1212 1021 1301 gubernacula,
1045 1212 1248 1300 comperiens
1264 1218 1459 1302 magnatum
1480 1211 1614 1299 Angliae
1636 1212 1689 1278 in-

636 1318 864 1406 dignationem
895 1318 1014 1383 merito
1046 1316 1135 1383 esse¹
1161 1322 1362 1404 conceptam,
1393 1337 1508 1382 versus
1542 1315 1688 1404 patriam

633 1444 728 1488 suam
749 1422 814 1487 iter
836 1420 1040 1503 maturavit3
1064 1420 1211 1487 recolens
1232 1419 1323 1485 illius
1346 1424 1452 1508 poetae
1480 1418 1687 1507 proverbiale

632 1524 814 1602 consilium,

614 1670 618 1679 ’
689 1661 814 1726 “Dum
835 1659 926 1727 furor
946 1659 985 1725 iu
1006 1680 1106 1725 cursu
1127 1662 1187 1740 est,
1211 1658 1359 1725 currenti
1380 1658 1460 1727 cede
1483 1656 1641 1726 fuori.”²

742 1984 986 2072 Mlpraccruot
1006 2005 1031 2052 c
1050 1983 1160 2051 semele
1182 1983 1289 2052 malti
1310 1983 1382 2052 ciri
1399 1982 1573 2073 praeclari,

675 2148 835 2235 Tempore
867 2169 997 2235 quoqne
1030 2148 1093 2214 sub
1128 2148 1243 2214 eodem
1276 2148 1507 2237 migraverunt
1543 2149 1587 2215 ab
1625 2148 1687 2215 hoc

632 2251 740 2317 seculo
762 2250 961 2316 immortalis
983 2252 1152 2317 memoriae
1173 2250 1312 2318 inclitus
1334 2274 1395 2317 rex
1409 2252 1606 2331 Jerusalem,
1627 2251 1687 2318 Jo-

632 2355 759 2419 hannes
774 2352 815 2419 de
837 2353 969 2431 Bresne,
985 2352 1059 2437 jam
1083 2374 1182 2441 poene
1204 2359 1324 2420 nactus
1345 2354 1477 2421 culmen
1494 2354 1685 2422 Graecorum

632 2454 826 2544 imperiale,³
849 2458 884 2520 et
916 2454 1019 2519 frater
1039 2454 1218 2532 dardanae,
1248 2456 1339 2543 prior
1362 2456 1498 2523 Ordinis
1521 2456 1685 2524 Praedica-

631 2563 752 2634 torum,
784 2558 837 2622 vir
871 2555 953 2623 vitae
983 2558 1209 2638 sanctissimae,
1234 2558 1271 2624 in
1293 2558 1377 2625 mari
1399 2560 1592 2625 submersus
1638 2560 1685 2625 Et

305 2618 431 2833 Ι
479 2617 602 2826 Ι
632 2659 717 2725 eirca
749 2658 809 2723 illa
839 2664 989 2745 tempora
1021 2660 1236 2726 canonizatus
1266 2668 1317 2727 est
1339 2663 1457 2727 beatus
1480 2662 1683 2743 Dominicus,

632 2764 757 2849 primns
778 2762 935 2829 inventor
956 2766 991 2828 et
1014 2762 1215 2830 constitutor
1239 2764 1376 2831 Ordinis
1398 2764 1667 2834 Praedicatorum.

390 2855 614 2910 canonizationcl’

388 2924 564 2978 secennio.

690 3126 741 3192 De
763 3129 869 3191 rocrtc
890 3121 1070 3210 R[e’ccrclc']
1093 3120 1160 3201 ΙΙ.,
1184 3118 1334 3209 episcopt
1355 3121 1623 3191 Dcnelmeoeis‘

463 3303 590 3356 nanos
682 3286 778 3355 Circa
809 3286 898 3353 idam
928 3306 1058 3372 quoque
1087 3288 1227 3371 tempus,
1251 3284 1376 3350 scilicet
1405 3284 1503 3350 xviia
1524 3286 1686 3356 kalendas

464 3372 621 3502 mlius
638 3392 729 3470 Maii,
752 3390 837 3456 Obiit
859 3388 924 3476 piae
939 3387 1106 3455 memoriae
1121 3386 1283 3452 Ricardus
1305 3386 1352 3451 II.
1368 3387 1537 3476 episcopus
1560 3390 1686 3458 Dunel-

463 3506 532 3557 hnu
637 3494 768 3573 mensis,
790 3496 965 3580 postquam
990 3490 1059 3557 tria
1088 3488 1363 3555 commendabilis
1391 3500 1683 3562 consummaverat

467 3600 498 3647 ¹⁵
509 3594 592 3663 April.
615 3595 814 3663 ·Ecclesium
828 3594 1095 3673 Dunelmensem,
1109 3586 1347 3681 prodigalitate
1368 3592 1612 3682 predecessoris
1630 3596 1684 3665 sui

667 3874 1135 3945 ¹me]1neerlined,anselroedded
1179 3872 1233 3935 eorl,
1261 3888 1315 3939 que
1338 3874 1436 3940 peperit
1461 3874 1486 3924 εἰ
1518 3875 1682 3929 Camerina?

633 3960 662 4011 in
671 3974 751 4024 marg.
1180 3952 1270 4003 Under
1286 3952 1338 4003 this
1356 3952 1471 4003 isadded
1488 3953 1531 4005 the
1550 3955 1683 4025 mlloving

666 4037 768 4089 ’Ovio
779 4032 983 4087 Rem.Amcr.l.
996 4038 1051 4086 119.
1179 4030 1685 4088 note:“1sterex.lohanneeexcellen.

667 4120 677 4150 ¹
693 4119 724 4169 In
735 4118 778 4168 the
788 4117 867 4167 lover
876 4113 976 4180 margin
993 4128 1035 4163 ere
1046 4114 1135 4163 drawn
1179 4110 1283 4161 tissime
1294 4110 1362 4171 vitre,
1373 4110 1414 4162 vir
1430 4112 1602 4164 sanctissimus
1612 4124 1638 4166 et
1653 4116 1682 4167 in

633 4208 684 4250 tvo
701 4196 805 4257 shields,
821 4195 945 4254 merset,
953 4193 1068 4243 between
1083 4196 1135 4242 two
1180 4190 1256 4241 ermis
1273 4188 1467 4253 strenuissimus,
1479 4198 1505 4241 et
1515 4206 1618 4259 corpore
1634 4196 1682 4247 fuit

634 4278 730 4330 swerd·
740 4275 803 4328 with
813 4273 857 4325 tlre
867 4274 953 4339 points
963 4273 1135 4332 dovnmdsr
1179 4267 1386 4335 elegantissimus.
1404 4268 1612 4334 Qurlrlretnocte,
1621 4290 1682 4338 qna·

634 4374 695 4409 orer
710 4354 754 4407 the
768 4354 831 4415 lint,
841 4366 926 4413 amre,
942 4350 1018 4403 elleh
1028 4358 1097 4402 ercet
1107 4349 1136 4401 in
1179 4348 1201 4398 si
1213 4347 1254 4397 vir
1264 4347 1403 4413 religiosus,
1416 4350 1527 4400 annexit
1538 4352 1570 4401 nd
1581 4353 1680 4405 matuti-

634 4436 697 4501 pele,
709 4450 746 4496 or,
756 4433 780 4483 ln
796 4432 881 4482 inrcd
897 4431 990 4491 letters,
1009 4427 1136 4479 “Scaeum
1179 4442 1233 4489 nee,
1245 4434 1270 4477 et
1289 4435 1348 4477 ante
1368 4434 1474 4479 mortem
1493 4428 1590 4495 aliquot
1609 4433 1681 4485 mnia

633 4516 687 4581 ejus
694 4514 814 4581 primunr
830 4512 953 4561 nndover
971 4508 1015 4559 tlrc
1033 4510 1135 4570 second,
1177 4506 1260 4558 naus
1270 4506 1348 4557 nater
1365 4506 1460 4567 Minor,
1472 4523 1550 4573 nsque
1568 4512 1601 4561 ad
1615 4526 1680 4564 mor·

634 4611 671 4657 or,
693 4610 710 4645 e
733 4607 801 4643 emes
818 4597 915 4655 argent,
936 4587 1065 4639 “Senem
1084 4590 1136 4650 ejus
1179 4592 1230 4635 tem
1252 4585 1410 4636 sanctitatem
1431 4588 1597 4640 continuavit.
1646 4592 1681 4643 Et

634 4671 793 4724 mundns&
808 4668 924 4720 Beneetlr
932 4668 975 4719 the
986 4666 1043 4718 drot
1053 4666 1135 4717 shield
1179 4664 1215 4715 sic
1227 4680 1243 4715 e
1258 4680 1338 4731 regno
1349 4664 1488 4732 ter[r]enar
1499 4668 1518 4717 J
1519 4668 1680 4723 armalemnd

634 4755 658 4804 is
677 4767 796 4813 ecrown,
808 4750 858 4800 und
875 4748 956 4800 below
975 4762 1007 4798 en
1026 4746 1135 4812 inscrip-
1179 4745 1304 4795 colestem
1314 4745 1503 4797 uansvoluritd

634 4834 688 4884 tion
706 4832 735 4881 in
752 4832 804 4890 red,
822 4828 920 4880 “otte
936 4844 980 4878 rer
996 4822 1134 4877 Jerusalem
1213 4824 1270 4874 ‘In
1292 4824 1335 4875 the
1362 4826 1462 4891 margin
1484 4842 1527 4878 ere
1554 4828 1642 4880 drawn
1664 4848 1680 4883 e

635 4912 764 4962 Jotnnm
774 4908 804 4959 de
812 4908 916 4969 Brem,
926 4904 1062 4972 eujaefile'n
1072 4922 1135 4970 nup·
1179 4903 1253 4953 mitre
1263 4904 1314 4953 end
1324 4904 1426 4968 croslet,
1437 4908 1560 4958 revmed

636 4992 673 5040 tei
692 4988 785 5039 traditu
796 4988 854 5054 fad
871 4985 1013 5037 Frettcricc
1030 4986 1134 5051 inpere-
1161 5032 1172 5063 r
1623 4987 1628 4999 ·

1875 3180 1882 3249 l

1875 3354 1882 3415 l
