4242 6159
563 1063 628 1127 486
688 1073 856 1125 uerrunr
879 1073 1091 1126 rsnrsrnusrs
1113 1075 1279 1126 meroem
1300 1071 1498 1125 suetonum

396 1257 464 1312 Λι).
479 1263 550 1312 1244.
562 1252 620 1336 qui
643 1253 710 1317 iere
737 1273 848 1318 omnes
869 1252 1060 1318 asserebant
1084 1273 1120 1317 se
1144 1271 1212 1316 esse
1234 1250 1356 1316 amicos
1378 1271 1481 1337 papae,
1495 1249 1609 1315 affines

563 1355 617 1420 vel
659 1353 941 1442 consanguineos.1
990 1355 1137 1420 intravit
1167 1355 1273 1442 igitur
1306 1375 1407 1418 unum
1440 1353 1608 1441 galearum

562 1458 693 1522 illerum
724 1458 877 1524 dominus
901 1481 995 1546 pape,
1020 1464 1055 1524 et
1081 1458 1196 1524 eedem
1222 1457 1280 1522 via
1303 1457 1524 1544 novigentes²
1550 1455 1609 1520 ubi

562 1561 650 1647 capti
674 1566 770 1626 erant
792 1561 931 1648 praeloti‚
954 1562 995 1627 de
1018 1561 1140 1646 quibus
1162 1560 1357 1647 praedictum
1384 1565 1443 1639 est,
1465 1561 1503 1624 in
1525 1565 1608 1624 tem-

562 1669 690 1751 pestate
712 1687 834 1752 magns.
867 1665 1058 1751 navigando
1091 1664 1145 1729 die
1168 1663 1306 1729 Veneris
1332 1665 1482 1749 sequenti
1504 1662 1609 1751 appli-

562 1768 738 1833 cuenmt'
728 1791 765 1832 m
791 1773 891 1855 portu
914 1767 1032 1834 insulae
1056 1789 1108 1852 cuj
1100 1767 1228 1832 usdam
1252 1767 1455 1845 Pisenorum,
1481 1765 1547 1842 ubi,
1569 1769 1610 1829 ut

394 1882 528 1934 audenus
562 1871 771 1958 respirarent,
788 1893 856 1936 une
882 1874 1048 1937 noetet
999 1871 1048 1935 lat
1049 1789 1188 1937 itabant.
1234 1870 1297 1936 Die
1317 1890 1394 1936 vero
1422 1869 1582 1944 Martis,
1572 1890 1609 1932 ιιι

397 1947 527 2002 atGenos
563 1995 683 2062 magno
720 1975 927 2061 tempestatis
972 1973 1161 2039 discrimine
1205 1977 1427 2060 pervenenmt
1462 1971 1609 2037 Januam

563 2077 753 2144 laetebundi.
801 2077 956 2144 Distebat
990 2082 1104 2143 eutem
1138 2099 1225 2164 pepo
1257 2078 1300 2142 ab
1333 2077 1416 2142 urbe
1449 2075 1608 2154 Romana,

561 2183 650 2247 unde
684 2187 830 2258 venerut,
862 2203 918 2247 xv.
951 2181 1057 2246 dietis.
1112 2181 1277 2268 Receptus
1307 2188 1359 2246 est
1389 2184 1502 2244 eutem
1533 2201 1608 2244 eum

560 2285 681 2350 laetitia
711 2307 834 2371 magne
865 2307 886 2349 e
919 2283 1109 2349 concivibus
1142 2285 1220 2366 suis,
1244 2282 1322 2370 quia
1353 2283 1478 2348 ibidem
1507 2286 1609 2346 notus

561 2387 635 2468 fuit,
675 2388 871 2466 dicentibus,
910 2387 1145 2452 “Benedictus
1182 2387 1241 2473 qui
1278 2387 1372 2452 venit
1402 2387 1440 2450 in
1477 2385 1609 2449 nomine

561 2491 748 2556 Domini.''³
796 2491 841 2556 Et
864 2489 912 2554 ibi
940 2490 1093 2577 promisit
1115 2512 1201 2577 pepe
1223 2491 1370 2556 conferre
1393 2489 1461 2555 illis
1483 2491 1519 2552 et
1540 2486 1608 2552 suis

561 2594 813 2682 consanguineis
836 2593 942 2658 multe
966 2592 1109 2659 ecclesiae
1130 2591 1313 2659 beneficis⁴

814 2853 1009 2943 Imperator
1025 2853 1127 2941 fallit
1127 2875 1220 2931 uec
1204 2853 1351 2920 ct.d0tct

395 3001 506 3058 Griefof
607 3003 792 3122 Obstupuit
824 3005 1014 3093 imperator,
1037 3005 1103 3069 hiis
1137 3004 1270 3086 cuditis,
1293 3011 1328 3070 et
1362 3003 1474 3069 dolens
1505 3025 1541 3068 se
1571 3005 1607 3068 in

390 3074 441 3201 iii
448 3089 530 3192 effi
561 3130 620 3173 suo
653 3109 756 3195 impio
788 3109 964 3195 deceptum
995 3108 1172 3195 proposito,
1195 3108 1239 3173 ed
1269 3108 1335 3172 elic
1365 3128 1399 3172 se
1422 3104 1609 3172 convertit⁵

392 3210 477 3258 orders
489 3210 532 3260 the
560 3210 698 3276 ultionis
728 3215 903 3298 argument
888 3209 946 3276 teu⁰
990 3211 1036 3277 Et
1058 3233 1102 3276 ex
1121 3215 1205 3276 tunc
1226 3209 1305 3276 fecit
1327 3231 1414 3297 pepe
1435 3207 1607 3274 acclamari

392 3277 549 3328 roedstobe

392 3343 510 3408 guardeu
517 3278 861 3403 beF[rethericum]
850 3319 1085 3402 imperatorem
1116 3335 1185 3379 esse
1219 3313 1432 3379 menifestum
1465 3311 1608 3378 ecclesiae

559 3423 808 3507 persecutorem.
866 3418 960 3483 Fecit
993 3439 1137 3504 namque
1181 3417 1336 3484 adhuc
1327 3440 1397 3503 ipse
1428 3417 1608 3503 imperator

559 3521 821 3600 vissacustodiri
845 3521 991 3586 need
981 3542 1091 3608 ipsum
1120 3542 1240 3607 papam
1269 3517 1452 3586 hebentes⁷
1474 3518 1609 3606 negotiu

560 3625 774 3714 expedienda,
810 3647 853 3690 ex
887 3625 1038 3711 pertibus
1068 3625 1213 3694 maxime
1243 3623 1507 3702 occidentalibus,
1537 3646 1608 3711 per·

561 3729 675 3796 venire
698 3726 902 3796 veluissent.8

594 3993 602 4026 ¹
621 3993 730 4044 civitatis
753 4028 784 4044 ..
803 4028 834 4042 ..
856 3989 1058 4058 consanpuineoc]
1139 3993 1150 4023 ⁴
1166 3989 1296 4058 beneficia]
1313 3990 1427 4051 benefici,
1438 3990 1495 4042 MS.

561 4071 806 4135 wettenonasup
822 4071 957 4122 oisellum
973 4073 1061 4136 posted
1139 4073 1282 4121 ‘seiusuo
1298 4107 1305 4122 .
1324 4109 1331 4122 .
1349 4109 1356 4122 .
1373 4073 1502 4140 eonem]
1526 4073 1605 4124 Writ-

562 4167 623 4206 over
633 4153 677 4203 the
688 4151 798 4218 original
810 4157 871 4213 text,
882 4151 967 4201 which
980 4152 1061 4212 reads,
1105 4156 1148 4201 ten
1168 4167 1201 4201 on
1218 4151 1280 4217 elipe
1296 4153 1432 4204 oscellum
1447 4155 1536 4218 posted
1545 4169 1606 4206 over

560 4235 676 4295 civitatis,
704 4233 747 4298 qui
765 4248 791 4281 se
816 4248 895 4282 omnes
909 4229 1062 4298 jactitabant
1105 4245 1256 4282 enerasure.

561 4331 613 4370 esse
634 4311 725 4362 domini
739 4327 824 4376 papae,
837 4317 939 4377 propter
958 4311 1061 4361 retribu-
1138 4309 1261 4362 ‘oldonis
1283 4313 1438 4379 urpumeniu]
1462 4311 1555 4366 Added
1577 4315 1604 4366 in

562 4395 654 4456 denen,
672 4393 761 4457 nearly
772 4405 800 4442 es
819 4391 847 4440 in
861 4389 895 4442 B.
909 4389 937 4442 0.
971 4391 1003 4441 1n
1019 4389 1062 4441 the
1105 4405 1184 4457 marg.

561 4474 663 4538 margin
680 4473 734 4523 also
750 4485 819 4522 some
831 4471 914 4520 words
926 4471 990 4521 heve
998 4473 1060 4521 been
1140 4473 1149 4500 ⁷
1165 4470 1291 4538 habenta]
1312 4472 1354 4524 On
1365 4487 1397 4523 an
1409 4487 1517 4524 mesore.

561 4555 650 4615 added,
673 4555 719 4602 but
744 4551 814 4603 these
842 4566 884 4602 are
912 4549 1061 4615 completely
1139 4551 1296 4617 ³nepob'a..
1314 4550 1478 4619 ,calensem
1493 4553 1603 4604 Written

562 4635 655 4684 erased
1106 4644 1139 4680 on
1157 4646 1173 4680 a
1191 4632 1262 4696 piece
1282 4631 1313 4681 of
1326 4631 1421 4682 vellum
1438 4634 1526 4696 pusted
1544 4648 1604 4684 over

593 4715 604 4744 ¹
622 4712 779 4779 naoipantes]
799 4711 855 4762 The
866 4711 915 4762 lest
925 4709 1061 4777 syllableic
1105 4711 1148 4762 the
1161 4711 1269 4776 original
1280 4717 1342 4772 text,
1354 4712 1440 4762 which
1450 4715 1531 4776 reads,
1546 4713 1605 4779 [pe-

561 4809 595 4844 on
617 4809 650 4844 an
667 4807 773 4843 erasure.
808 4791 838 4840 In
859 4791 901 4841 the
920 4791 1019 4855 margin
1038 4790 1061 4839 is
1104 4791 1217 4856 cenqam
1242 4792 1440 4861 [permeabant
1459 4801 1484 4842 et
1501 4801 1603 4861 propter

561 4873 660 4923 written
671 4873 734 4922 with
745 4886 761 4920 e
772 4871 900 4936 plemma,
908 4887 956 4936 per
965 4885 1037 4920 mare.
1104 4887 1177 4936 quom
1187 4869 1286 4922 literius
1296 4873 1456 4939 recipiendum
1474 4871 1531 4924 illuc
1544 4889 1604 4940 pro·

594 4953 646 5000 'iu
664 4953 756 5000 nomine
775 4949 891 5017 Domine]
914 4949 1059 5002 Interlincd.
1101 4960 1240 5016 percueret,
1258 4988 1413 5005 .......

560 5033 637 5084 From
648 5029 807 5082 Martum.
821 5036 843 5082 9.
