<?xml version="1.0" encoding="UTF-8"?>
<!DOCTYPE html PUBLIC "-//W3C//DTD XHTML 1.0 Transitional//EN"
    "http://www.w3.org/TR/xhtml1/DTD/xhtml1-transitional.dtd">
<html xmlns="http://www.w3.org/1999/xhtml" xml:lang="en" lang="en">
 <head>
  <title>
</title>
<meta http-equiv="Content-Type" content="text/html;charset=utf-8" />
  <meta name='ocr-system' content='tesseract 3.04.00' />
  <meta name='ocr-capabilities' content='ocr_page ocr_carea ocr_par ocr_line ocrx_word'/>
</head>
<body>
  <div class='ocr_page' id='page_1' title='image "./matthiparisiens04parigoog_0052.png"; bbox 0 0 4242 6159; ppageno 0'>
   <div class='ocr_carea' id='block_1_1' title="bbox 608 1007 1544 1074">
    <p class='ocr_par' dir='ltr' id='par_1_1' title="bbox 608 1007 1544 1074">
     <span class='ocr_line' id='line_1_1' title="bbox 608 1007 1544 1074; baseline -0.019 -1"><span class='ocrx_word' id='word_1_1' title='bbox 608 1007 652 1074; x_wconf 78' lang='lat'><strong>34</strong></span> <span class='ocrx_word' id='word_1_2' title='bbox 734 1014 900 1066; x_wconf 76' lang='lat' dir='ltr'><strong>usurum</strong></span> <span class='ocrx_word' id='word_1_3' title='bbox 924 1013 1137 1066; x_wconf 73' lang='lat' dir='ltr'><strong>rumsruusrs</strong></span> <span class='ocrx_word' id='word_1_4' title='bbox 1159 1009 1324 1063; x_wconf 75' lang='lat' dir='ltr'><strong>merosus</strong></span> <span class='ocrx_word' id='word_1_5' title='bbox 1346 1007 1544 1060; x_wconf 71' lang='lat' dir='ltr'><strong>munerun</strong></span> 
     </span>
    </p>
   </div>
   <div class='ocr_carea' id='block_1_2' title="bbox 444 1282 1522 1375">
    <p class='ocr_par' dir='ltr' id='par_1_2' title="bbox 444 1282 1522 1375">
     <span class='ocr_line' id='line_1_2' title="bbox 444 1282 1522 1375; baseline -0.004 -22"><span class='ocrx_word' id='word_1_6' title='bbox 444 1302 513 1355; x_wconf 74' lang='lat' dir='ltr'><strong>Am.</strong></span> <span class='ocrx_word' id='word_1_7' title='bbox 528 1307 600 1354; x_wconf 83' lang='lat' dir='ltr'><strong>usa</strong></span> <span class='ocrx_word' id='word_1_8' title='bbox 749 1289 798 1355; x_wconf 89' lang='lat' dir='ltr'><strong>Dc</strong></span> <span class='ocrx_word' id='word_1_9' title='bbox 819 1294 926 1355; x_wconf 80' lang='lat' dir='ltr'><strong>urorte</strong></span> <span class='ocrx_word' id='word_1_10' title='bbox 946 1286 1152 1375; x_wconf 73' lang='lat' dir='ltr'><strong>turpissima</strong></span> <span class='ocrx_word' id='word_1_11' title='bbox 1175 1285 1275 1354; x_wconf 75' lang='lat' dir='ltr'><strong>ducis</strong></span> <span class='ocrx_word' id='word_1_12' title='bbox 1297 1282 1522 1371; x_wconf 74' lang='lat' dir='ltr'><strong>Butpumdc&#39;oe.</strong></span> 
     </span>
    </p>
   </div>
   <div class='ocr_carea' id='block_1_3' title="bbox 445 1435 1847 1532">
    <p class='ocr_par' dir='ltr' id='par_1_3' title="bbox 445 1435 1847 1532">
     <span class='ocr_line' id='line_1_3' title="bbox 445 1435 1847 1532; baseline -0.011 -22"><span class='ocrx_word' id='word_1_13' title='bbox 445 1467 558 1517; x_wconf 72' lang='lat' dir='ltr'><strong>sichus</strong></span> <span class='ocrx_word' id='word_1_14' title='bbox 657 1438 735 1506; x_wconf 89' lang='lat' dir='ltr'><strong>Hiis</strong></span> <span class='ocrx_word' id='word_1_15' title='bbox 755 1439 806 1505; x_wconf 90' lang='lat' dir='ltr'><strong>ita</strong></span> <span class='ocrx_word' id='word_1_16' title='bbox 826 1437 937 1532; x_wconf 82' lang='lat' dir='ltr'><strong>gestis,</strong></span> <span class='ocrx_word' id='word_1_17' title='bbox 960 1437 1014 1502; x_wconf 91' lang='lat' dir='ltr'><strong>die</strong></span> <span class='ocrx_word' id='word_1_18' title='bbox 1037 1439 1188 1524; x_wconf 80' lang='lat' dir='ltr'>sequenti</span> <span class='ocrx_word' id='word_1_19' title='bbox 1213 1441 1322 1504; x_wconf 87' lang='lat' dir='ltr'><strong>castra</strong></span> <span class='ocrx_word' id='word_1_20' title='bbox 1343 1436 1457 1515; x_wconf 91' lang='lat' dir='ltr'><strong>movit,</strong></span> <span class='ocrx_word' id='word_1_21' title='bbox 1481 1457 1519 1500; x_wconf 89' lang='lat' dir='ltr'><strong>ac</strong></span> <span class='ocrx_word' id='word_1_22' title='bbox 1545 1435 1660 1499; x_wconf 89' lang='lat' dir='ltr'><strong>ducem</strong></span> <span class='ocrx_word' id='word_1_23' title='bbox 1670 1443 1847 1507; x_wconf 65' lang='lat' dir='ltr'><strong>neuwenu.</strong></span> 
     </span>
    </p>
   </div>
   <div class='ocr_carea' id='block_1_4' title="bbox 443 1512 1804 1652">
    <p class='ocr_par' dir='ltr' id='par_1_4' title="bbox 443 1512 1804 1652">
     <span class='ocr_line' id='line_1_4' title="bbox 443 1512 1804 1652; baseline -0.01 -40"><span class='ocrx_word' id='word_1_24' title='bbox 443 1533 559 1652; x_wconf 54' lang='lat' dir='ltr'><strong>ffffiff</strong></span> <span class='ocrx_word' id='word_1_25' title='bbox 613 1545 815 1622; x_wconf 86' lang='lat' dir='ltr'><strong>subsecutus,</strong></span> <span class='ocrx_word' id='word_1_26' title='bbox 839 1546 936 1607; x_wconf 84' lang='lat' dir='ltr'><strong>extra</strong></span> <span class='ocrx_word' id='word_1_27' title='bbox 952 1540 1070 1606; x_wconf 89' lang='lat' dir='ltr'><strong>urbem</strong></span> <span class='ocrx_word' id='word_1_28' title='bbox 1092 1539 1210 1606; x_wconf 82' lang='lat' dir='ltr'><strong>Achon</strong></span> <span class='ocrx_word' id='word_1_29' title='bbox 1224 1561 1325 1628; x_wconf 82' lang='lat' dir='ltr'>prope</span> <span class='ocrx_word' id='word_1_30' title='bbox 1348 1539 1465 1604; x_wconf 87' lang='lat' dir='ltr'><strong>ducem</strong></span> <span class='ocrx_word' id='word_1_31' title='bbox 1488 1536 1565 1602; x_wconf 90' lang='lat' dir='ltr'><strong>fixit</strong></span> <span class='ocrx_word' id='word_1_32' title='bbox 1590 1540 1662 1604; x_wconf 87' lang='lat' dir='ltr'><strong>ten·</strong></span> <span class='ocrx_word' id='word_1_33' title='bbox 1705 1512 1744 1561; x_wconf 81' lang='lat' dir='ltr'><strong>iii.</strong></span> <span class='ocrx_word' id='word_1_34' title='bbox 1757 1516 1804 1561; x_wconf 81' lang='lat'><strong>⁵⁸·</strong></span> 
     </span>
    </p>
   </div>
   <div class='ocr_carea' id='block_1_5' title="bbox 447 1638 1844 3590">
    <p class='ocr_par' dir='ltr' id='par_1_5' title="bbox 447 1638 1844 1734">
     <span class='ocr_line' id='line_1_5' title="bbox 447 1638 1844 1734; baseline -0.007 -22"><span class='ocrx_word' id='word_1_35' title='bbox 447 1669 524 1720; x_wconf 76' lang='lat' dir='ltr'><strong>scre.</strong></span> <span class='ocrx_word' id='word_1_36' title='bbox 613 1646 708 1711; x_wconf 81' lang='lat' dir='ltr'><strong>toria</strong></span> <span class='ocrx_word' id='word_1_37' title='bbox 763 1644 841 1726; x_wconf 86' lang='lat' dir='ltr'>Ubi,</span> <span class='ocrx_word' id='word_1_38' title='bbox 865 1665 940 1710; x_wconf 90' lang='lat' dir='ltr'><strong>cum</strong></span> <span class='ocrx_word' id='word_1_39' title='bbox 961 1643 1108 1710; x_wconf 81' lang='lat' dir='ltr'><strong>exercitu</strong></span> <span class='ocrx_word' id='word_1_40' title='bbox 1130 1643 1229 1709; x_wconf 91' lang='lat' dir='ltr'><strong>nimis</strong></span> <span class='ocrx_word' id='word_1_41' title='bbox 1251 1641 1400 1732; x_wconf 83' lang='lat' dir='ltr'><strong>fatigato,</strong></span> <span class='ocrx_word' id='word_1_42' title='bbox 1426 1663 1501 1707; x_wconf 89' lang='lat' dir='ltr'><strong>cum</strong></span> <span class='ocrx_word' id='word_1_43' title='bbox 1523 1638 1582 1704; x_wconf 88' lang='lat' dir='ltr'><strong>vix</strong></span> <span class='ocrx_word' id='word_1_44' title='bbox 1604 1661 1663 1725; x_wconf 91' lang='lat' dir='ltr'><strong>per</strong></span> <span class='ocrx_word' id='word_1_45' title='bbox 1672 1653 1844 1734; x_wconf 52' lang='lat' dir='ltr'><strong>Repwend.</strong></span> 
     </span>
    </p>

    <p class='ocr_par' dir='ltr' id='par_1_6' title="bbox 612 1725 1804 1838">
     <span class='ocr_line' id='line_1_6' title="bbox 612 1725 1804 1838; baseline -0.008 -24"><span class='ocrx_word' id='word_1_46' title='bbox 612 1749 762 1814; x_wconf 89' lang='lat' dir='ltr'><strong>triduum</strong></span> <span class='ocrx_word' id='word_1_47' title='bbox 777 1747 965 1834; x_wconf 74' lang='lat' dir='ltr'><strong>quievisset,</strong></span> <span class='ocrx_word' id='word_1_48' title='bbox 988 1752 1105 1813; x_wconf 87' lang='lat' dir='ltr'><strong>assunt</strong></span> <span class='ocrx_word' id='word_1_49' title='bbox 1127 1745 1252 1812; x_wconf 89' lang='lat' dir='ltr'><strong>flebiles</strong></span> <span class='ocrx_word' id='word_1_50' title='bbox 1273 1745 1388 1812; x_wconf 89' lang='lat' dir='ltr'><strong>nuncii</strong></span> <span class='ocrx_word' id='word_1_51' title='bbox 1402 1767 1423 1810; x_wconf 89' lang='lat' dir='ltr'><strong>a</strong></span> <span class='ocrx_word' id='word_1_52' title='bbox 1437 1743 1461 1811; x_wconf 88' lang='lat' dir='ltr'><strong>J</strong></span> <span class='ocrx_word' id='word_1_53' title='bbox 1462 1765 1545 1831; x_wconf 88' lang='lat' dir='ltr'><strong>open</strong></span> <span class='ocrx_word' id='word_1_54' title='bbox 1560 1762 1681 1827; x_wconf 86' lang='lat' dir='ltr'><strong>usque·</strong></span> <span class='ocrx_word' id='word_1_55' title='bbox 1706 1737 1745 1771; x_wconf 74' lang='lat'><strong>¹¹¹¹</strong></span> <span class='ocrx_word' id='word_1_56' title='bbox 1759 1725 1804 1838; x_wconf 33' lang='lat'><strong>⁵5·</strong></span> 
     </span>
    </p>

    <p class='ocr_par' dir='ltr' id='par_1_7' title="bbox 613 1849 1681 1939">
     <span class='ocr_line' id='line_1_7' title="bbox 613 1849 1681 1939; baseline -0.011 -21"><span class='ocrx_word' id='word_1_57' title='bbox 613 1853 656 1918; x_wconf 86' lang='lat' dir='ltr'><strong>ad</strong></span> <span class='ocrx_word' id='word_1_58' title='bbox 675 1873 786 1939; x_wconf 85' lang='lat' dir='ltr'><strong>regem</strong></span> <span class='ocrx_word' id='word_1_59' title='bbox 806 1850 1004 1918; x_wconf 68' lang='lat' dir='ltr'><strong>festinanter</strong></span> <span class='ocrx_word' id='word_1_60' title='bbox 1024 1850 1118 1937; x_wconf 87' lang='lat' dir='ltr'><strong>equis</strong></span> <span class='ocrx_word' id='word_1_61' title='bbox 1139 1851 1226 1937; x_wconf 87' lang='lat' dir='ltr'><strong>rapti</strong></span> <span class='ocrx_word' id='word_1_62' title='bbox 1248 1849 1468 1927; x_wconf 75' lang='lat' dir='ltr'><strong>velocissimis,</strong></span> <span class='ocrx_word' id='word_1_63' title='bbox 1482 1865 1681 1913; x_wconf 88' lang='lat' dir='ltr'><strong>sermonem.</strong></span> 
     </span>
    </p>

    <p class='ocr_par' dir='ltr' id='par_1_8' title="bbox 614 1949 1682 2044">
     <span class='ocr_line' id='line_1_8' title="bbox 614 1949 1682 2044; baseline -0.01 -23"><span class='ocrx_word' id='word_1_64' title='bbox 614 1955 903 2044; x_wconf 71' lang='lat' dir='ltr'><strong>prorumpentibus</strong></span> <span class='ocrx_word' id='word_1_65' title='bbox 926 1955 1049 2021; x_wconf 83' lang='lat' dir='ltr'><strong>crebris</strong></span> <span class='ocrx_word' id='word_1_66' title='bbox 1073 1954 1274 2044; x_wconf 69' lang='lat' dir='ltr'><strong>singultibus</strong></span> <span class='ocrx_word' id='word_1_67' title='bbox 1299 1954 1503 2031; x_wconf 81' lang='lat' dir='ltr'><strong>nunciantes,</strong></span> <span class='ocrx_word' id='word_1_68' title='bbox 1530 1949 1682 2017; x_wconf 69' lang='lat' dir='ltr'><strong>Salaha.</strong></span> 
     </span>
    </p>

    <p class='ocr_par' dir='ltr' id='par_1_9' title="bbox 614 2055 1665 2146">
     <span class='ocr_line' id='line_1_9' title="bbox 614 2055 1665 2146; baseline -0.009 -20"><span class='ocrx_word' id='word_1_69' title='bbox 614 2060 731 2126; x_wconf 90' lang='lat' dir='ltr'><strong>diuum</strong></span> <span class='ocrx_word' id='word_1_70' title='bbox 745 2080 822 2125; x_wconf 85' lang='lat' dir='ltr'><strong>curn</strong></span> <span class='ocrx_word' id='word_1_71' title='bbox 835 2063 910 2124; x_wconf 88' lang='lat' dir='ltr'><strong>toto</strong></span> <span class='ocrx_word' id='word_1_72' title='bbox 924 2059 1070 2125; x_wconf 82' lang='lat' dir='ltr'><strong>exercitu</strong></span> <span class='ocrx_word' id='word_1_73' title='bbox 1085 2079 1145 2124; x_wconf 85' lang='lat' dir='ltr'><strong>suo</strong></span> <span class='ocrx_word' id='word_1_74' title='bbox 1167 2059 1191 2124; x_wconf 88' lang='lat' dir='ltr'><strong>J</strong></span> <span class='ocrx_word' id='word_1_75' title='bbox 1194 2080 1277 2146; x_wconf 90' lang='lat' dir='ltr'><strong>open</strong></span> <span class='ocrx_word' id='word_1_76' title='bbox 1292 2057 1462 2136; x_wconf 89' lang='lat' dir='ltr'><strong>obsedisse,</strong></span> <span class='ocrx_word' id='word_1_77' title='bbox 1477 2055 1665 2123; x_wconf 85' lang='lat' dir='ltr'><strong>civitatem·</strong></span> 
     </span>
    </p>

    <p class='ocr_par' dir='ltr' id='par_1_10' title="bbox 615 2156 1680 2250">
     <span class='ocr_line' id='line_1_10' title="bbox 615 2156 1680 2250; baseline -0.007 -22"><span class='ocrx_word' id='word_1_78' title='bbox 615 2185 679 2250; x_wconf 92' lang='lat' dir='ltr'><strong>que</strong></span> <span class='ocrx_word' id='word_1_79' title='bbox 703 2162 851 2228; x_wconf 81' lang='lat' dir='ltr'><strong>celeriter</strong></span> <span class='ocrx_word' id='word_1_80' title='bbox 875 2159 996 2248; x_wconf 83' lang='lat' dir='ltr'><strong>[fore]¹</strong></span> <span class='ocrx_word' id='word_1_81' title='bbox 1020 2161 1234 2248; x_wconf 69' lang='lat' dir='ltr'><strong>capiendam</strong></span> <span class='ocrx_word' id='word_1_82' title='bbox 1257 2182 1369 2228; x_wconf 88' lang='lat' dir='ltr'><strong>omnes</strong></span> <span class='ocrx_word' id='word_1_83' title='bbox 1390 2181 1520 2248; x_wconf 91' lang='lat' dir='ltr'><strong>quoque</strong></span> <span class='ocrx_word' id='word_1_84' title='bbox 1543 2156 1680 2224; x_wconf 85' lang='lat' dir='ltr'><strong>milites</strong></span> 
     </span>
    </p>

    <p class='ocr_par' dir='ltr' id='par_1_11' title="bbox 615 2263 1665 2350">
     <span class='ocr_line' id='line_1_11' title="bbox 615 2263 1665 2350; baseline -0.005 -18"><span class='ocrx_word' id='word_1_85' title='bbox 615 2287 655 2332; x_wconf 88' lang='lat' dir='ltr'><strong>nc</strong></span> <span class='ocrx_word' id='word_1_86' title='bbox 683 2265 869 2342; x_wconf 85' lang='lat' dir='ltr'><strong>servientes,</strong></span> <span class='ocrx_word' id='word_1_87' title='bbox 900 2285 982 2350; x_wconf 88' lang='lat' dir='ltr'><strong>quos</strong></span> <span class='ocrx_word' id='word_1_88' title='bbox 1011 2264 1054 2330; x_wconf 95' lang='lat' dir='ltr'><strong>ob</strong></span> <span class='ocrx_word' id='word_1_89' title='bbox 1077 2265 1260 2330; x_wconf 83' lang='lat' dir='ltr'><strong>custodiam</strong></span> <span class='ocrx_word' id='word_1_90' title='bbox 1289 2264 1413 2331; x_wconf 88' lang='lat' dir='ltr'><strong>ibidem</strong></span> <span class='ocrx_word' id='word_1_91' title='bbox 1443 2263 1665 2342; x_wconf 77' lang='lat' dir='ltr'><strong>collocaverat,</strong></span> 
     </span>
    </p>

    <p class='ocr_par' dir='ltr' id='par_1_12' title="bbox 615 2367 1684 2455">
     <span class='ocr_line' id='line_1_12' title="bbox 615 2367 1684 2455; baseline -0.006 -19"><span class='ocrx_word' id='word_1_92' title='bbox 615 2369 836 2448; x_wconf 73' lang='lat' dir='ltr'><strong>trucidandos,</strong></span> <span class='ocrx_word' id='word_1_93' title='bbox 859 2368 926 2434; x_wconf 88' lang='lat' dir='ltr'><strong>nisi</strong></span> <span class='ocrx_word' id='word_1_94' title='bbox 947 2368 1044 2434; x_wconf 88' lang='lat' dir='ltr'><strong>celeri</strong></span> <span class='ocrx_word' id='word_1_95' title='bbox 1067 2367 1287 2435; x_wconf 89' lang='lat' dir='ltr'><strong>subventione</strong></span> <span class='ocrx_word' id='word_1_96' title='bbox 1310 2367 1493 2435; x_wconf 87' lang='lat' dir='ltr'><strong>subsidium</strong></span> <span class='ocrx_word' id='word_1_97' title='bbox 1513 2367 1684 2455; x_wconf 85' lang='lat' dir='ltr'><strong>praelerat.</strong></span> 
     </span>
    </p>

    <p class='ocr_par' dir='ltr' id='par_1_13' title="bbox 449 2469 1669 2870">
     <span class='ocr_line' id='line_1_13' title="bbox 617 2469 1668 2554; baseline -0.008 -12"><span class='ocrx_word' id='word_1_98' title='bbox 617 2472 780 2542; x_wconf 76' lang='lat' dir='ltr'><strong>coartatis</strong></span> <span class='ocrx_word' id='word_1_99' title='bbox 843 2471 918 2553; x_wconf 78' lang='lat' dir='ltr'><strong>Quo</strong></span> <span class='ocrx_word' id='word_1_100' title='bbox 951 2472 1077 2554; x_wconf 89' lang='lat' dir='ltr'><strong>audito,</strong></span> <span class='ocrx_word' id='word_1_101' title='bbox 1101 2471 1207 2538; x_wconf 90' lang='lat' dir='ltr'><strong>omnis</strong></span> <span class='ocrx_word' id='word_1_102' title='bbox 1239 2471 1364 2539; x_wconf 82' lang='lat' dir='ltr'><strong>Christi</strong></span> <span class='ocrx_word' id='word_1_103' title='bbox 1387 2472 1548 2538; x_wconf 85' lang='lat' dir='ltr'><strong>exercitus</strong></span> <span class='ocrx_word' id='word_1_104' title='bbox 1570 2469 1668 2536; x_wconf 87' lang='lat' dir='ltr'><strong>valde</strong></span> 
     </span>
     <span class='ocr_line' id='line_1_14' title="bbox 450 2575 1667 2665; baseline -0.008 -17"><span class='ocrx_word' id='word_1_105' title='bbox 450 2595 594 2648; x_wconf 75' lang='lat' dir='ltr'><strong>Heinvites</strong></span> <span class='ocrx_word' id='word_1_106' title='bbox 617 2576 812 2665; x_wconf 86' lang='lat' dir='ltr'><strong>perterritus</strong></span> <span class='ocrx_word' id='word_1_107' title='bbox 837 2580 898 2653; x_wconf 85' lang='lat' dir='ltr'><strong>est,</strong></span> <span class='ocrx_word' id='word_1_108' title='bbox 919 2575 1068 2662; x_wconf 84' lang='lat' dir='ltr'><strong>graviter</strong></span> <span class='ocrx_word' id='word_1_109' title='bbox 1088 2575 1312 2663; x_wconf 86' lang='lat' dir='ltr'><strong>ingemiscens.</strong></span> <span class='ocrx_word' id='word_1_110' title='bbox 1358 2575 1431 2640; x_wconf 86' lang='lat' dir='ltr'><strong>Rex</strong></span> <span class='ocrx_word' id='word_1_111' title='bbox 1458 2579 1667 2641; x_wconf 83' lang='lat' dir='ltr'><strong>autemeam</strong></span> 
     </span>
     <span class='ocr_line' id='line_1_15' title="bbox 449 2661 1669 2796; baseline -0.006 -50"><span class='ocrx_word' id='word_1_112' title='bbox 449 2661 692 2796; x_wconf 44' lang='lat' dir='ltr'><strong>{ffrffiffaliis</strong></span> <span class='ocrx_word' id='word_1_113' title='bbox 714 2679 826 2744; x_wconf 89' lang='lat' dir='ltr'><strong>animo</strong></span> <span class='ocrx_word' id='word_1_114' title='bbox 854 2682 1093 2760; x_wconf 87' lang='lat' dir='ltr'><strong>consternatus,</strong></span> <span class='ocrx_word' id='word_1_115' title='bbox 1122 2678 1239 2745; x_wconf 89' lang='lat' dir='ltr'><strong>ducem</strong></span> <span class='ocrx_word' id='word_1_116' title='bbox 1271 2677 1483 2766; x_wconf 84' lang='lat' dir='ltr'><strong>Burgundise,</strong></span> <span class='ocrx_word' id='word_1_117' title='bbox 1505 2683 1578 2744; x_wconf 90' lang='lat' dir='ltr'><strong>tum</strong></span> <span class='ocrx_word' id='word_1_118' title='bbox 1610 2697 1669 2763; x_wconf 90' lang='lat' dir='ltr'><strong>per</strong></span> 
     </span>
     <span class='ocr_line' id='line_1_16' title="bbox 450 2781 1669 2870; baseline -0.007 -17"><span class='ocrx_word' id='word_1_119' title='bbox 450 2797 653 2861; x_wconf 70' lang='lat' dir='ltr'><strong>tojoinhimse</strong></span> <span class='ocrx_word' id='word_1_120' title='bbox 674 2787 748 2850; x_wconf 91' lang='lat' dir='ltr'><strong>tum</strong></span> <span class='ocrx_word' id='word_1_121' title='bbox 769 2803 827 2869; x_wconf 90' lang='lat' dir='ltr'><strong>per</strong></span> <span class='ocrx_word' id='word_1_122' title='bbox 848 2781 938 2862; x_wconf 86' lang='lat' dir='ltr'><strong>alios,</strong></span> <span class='ocrx_word' id='word_1_123' title='bbox 953 2783 998 2848; x_wconf 88' lang='lat' dir='ltr'><strong>ad</strong></span> <span class='ocrx_word' id='word_1_124' title='bbox 1017 2803 1130 2870; x_wconf 83' lang='lat' dir='ltr'><strong>pacem</strong></span> <span class='ocrx_word' id='word_1_125' title='bbox 1144 2789 1180 2848; x_wconf 92' lang='lat' dir='ltr'><strong>et</strong></span> <span class='ocrx_word' id='word_1_126' title='bbox 1194 2783 1400 2848; x_wconf 77' lang='lat' dir='ltr'><strong>concordiam</strong></span> <span class='ocrx_word' id='word_1_127' title='bbox 1421 2781 1551 2848; x_wconf 89' lang='lat' dir='ltr'><strong>studuit</strong></span> <span class='ocrx_word' id='word_1_128' title='bbox 1573 2801 1669 2867; x_wconf 87' lang='lat' dir='ltr'><strong>prop·</strong></span> 
     </span>
    </p>

    <p class='ocr_par' dir='ltr' id='par_1_14' title="bbox 617 2884 1672 2973">
     <span class='ocr_line' id='line_1_17' title="bbox 617 2884 1672 2973; baseline 0 -22"><span class='ocrx_word' id='word_1_129' title='bbox 617 2891 670 2952; x_wconf 90' lang='lat' dir='ltr'><strong>ter</strong></span> <span class='ocrx_word' id='word_1_130' title='bbox 702 2884 887 2972; x_wconf 87' lang='lat' dir='ltr'><strong>periculum</strong></span> <span class='ocrx_word' id='word_1_131' title='bbox 918 2884 1118 2952; x_wconf 77' lang='lat' dir='ltr'><strong>imminens⁹</strong></span> <span class='ocrx_word' id='word_1_132' title='bbox 1155 2907 1316 2967; x_wconf 89' lang='lat' dir='ltr'><strong>revocare,</strong></span> <span class='ocrx_word' id='word_1_133' title='bbox 1348 2885 1503 2952; x_wconf 82' lang='lat' dir='ltr'><strong>obnixius</strong></span> <span class='ocrx_word' id='word_1_134' title='bbox 1541 2905 1672 2973; x_wconf 86' lang='lat' dir='ltr'><strong>rogans,</strong></span> 
     </span>
    </p>

    <p class='ocr_par' dir='ltr' id='par_1_15' title="bbox 617 2987 1671 3075">
     <span class='ocr_line' id='line_1_18' title="bbox 617 2987 1671 3075; baseline -0.002 -21"><span class='ocrx_word' id='word_1_135' title='bbox 617 2995 658 3056; x_wconf 90' lang='lat' dir='ltr'><strong>ut</strong></span> <span class='ocrx_word' id='word_1_136' title='bbox 671 2992 778 3056; x_wconf 73' lang='lat' dir='ltr'><strong>tantas</strong></span> <span class='ocrx_word' id='word_1_137' title='bbox 799 2987 1008 3054; x_wconf 79' lang='lat' dir='ltr'><strong>subsidium³</strong></span> <span class='ocrx_word' id='word_1_138' title='bbox 1031 2987 1133 3056; x_wconf 84' lang='lat' dir='ltr'><strong>ferret</strong></span> <span class='ocrx_word' id='word_1_139' title='bbox 1156 2988 1347 3055; x_wconf 88' lang='lat' dir='ltr'><strong>calamitati.</strong></span> <span class='ocrx_word' id='word_1_140' title='bbox 1395 2989 1541 3070; x_wconf 76' lang='lat' dir='ltr'><strong>Quorum</strong></span> <span class='ocrx_word' id='word_1_141' title='bbox 1560 3009 1671 3075; x_wconf 84' lang='lat' dir='ltr'><strong>preces</strong></span> 
     </span>
    </p>

    <p class='ocr_par' dir='ltr' id='par_1_16' title="bbox 452 3090 1691 3590">
     <span class='ocr_line' id='line_1_19' title="bbox 621 3090 1671 3179; baseline -0.002 -22"><span class='ocrx_word' id='word_1_142' title='bbox 621 3091 691 3158; x_wconf 82' lang='lat' dir='ltr'><strong>dux</strong></span> <span class='ocrx_word' id='word_1_143' title='bbox 721 3091 836 3157; x_wconf 87' lang='lat' dir='ltr'><strong>audire</strong></span> <span class='ocrx_word' id='word_1_144' title='bbox 868 3091 1058 3179; x_wconf 82' lang='lat' dir='ltr'><strong>dedignans,</strong></span> <span class='ocrx_word' id='word_1_145' title='bbox 1093 3095 1190 3158; x_wconf 88' lang='lat' dir='ltr'><strong>nocte</strong></span> <span class='ocrx_word' id='word_1_146' title='bbox 1227 3091 1285 3156; x_wconf 89' lang='lat' dir='ltr'><strong>illa</strong></span> <span class='ocrx_word' id='word_1_147' title='bbox 1314 3112 1387 3158; x_wconf 90' lang='lat' dir='ltr'><strong>cum</strong></span> <span class='ocrx_word' id='word_1_148' title='bbox 1421 3090 1489 3156; x_wconf 89' lang='lat' dir='ltr'><strong>suis</strong></span> <span class='ocrx_word' id='word_1_149' title='bbox 1518 3090 1671 3158; x_wconf 88' lang='lat' dir='ltr'><strong>omnibus</strong></span> 
     </span>
     <span class='ocr_line' id='line_1_20' title="bbox 452 3193 1671 3282; baseline -0.003 -20"><span class='ocrx_word' id='word_1_150' title='bbox 452 3197 560 3248; x_wconf 70' lang='lat'><strong>&#39;¹²⁰¹0·</strong></span> <span class='ocrx_word' id='word_1_151' title='bbox 621 3215 736 3262; x_wconf 88' lang='lat' dir='ltr'><strong>versus</strong></span> <span class='ocrx_word' id='word_1_152' title='bbox 761 3193 888 3280; x_wconf 82' lang='lat' dir='ltr'><strong>Tyrum</strong></span> <span class='ocrx_word' id='word_1_153' title='bbox 920 3195 986 3260; x_wconf 90' lang='lat' dir='ltr'><strong>iter</strong></span> <span class='ocrx_word' id='word_1_154' title='bbox 1015 3194 1157 3282; x_wconf 85' lang='lat' dir='ltr'><strong>arripuit</strong></span> <span class='ocrx_word' id='word_1_155' title='bbox 1190 3193 1432 3260; x_wconf 87' lang='lat' dir='ltr'><strong>clandestinum</strong></span> <span class='ocrx_word' id='word_1_156' title='bbox 1462 3215 1500 3259; x_wconf 90' lang='lat' dir='ltr'><strong>ac</strong></span> <span class='ocrx_word' id='word_1_157' title='bbox 1528 3193 1671 3280; x_wconf 87' lang='lat' dir='ltr'><strong>repenti·</strong></span> 
     </span>
     <span class='ocr_line' id='line_1_21' title="bbox 453 3264 1671 3397; baseline -0.004 -32"><span class='ocrx_word' id='word_1_158' title='bbox 453 3264 589 3397; x_wconf 46' lang='lat' dir='ltr'><strong>232&gt;le</strong></span> <span class='ocrx_word' id='word_1_159' title='bbox 621 3320 711 3378; x_wconf 92' lang='lat' dir='ltr'><strong>num,</strong></span> <span class='ocrx_word' id='word_1_160' title='bbox 727 3298 822 3384; x_wconf 87' lang='lat' dir='ltr'><strong>quasi</strong></span> <span class='ocrx_word' id='word_1_161' title='bbox 837 3297 1022 3362; x_wconf 87' lang='lat' dir='ltr'><strong>desiderans</strong></span> <span class='ocrx_word' id='word_1_162' title='bbox 1038 3297 1125 3385; x_wconf 84' lang='lat' dir='ltr'><strong>regis</strong></span> <span class='ocrx_word' id='word_1_163' title='bbox 1140 3295 1305 3384; x_wconf 88' lang='lat' dir='ltr'><strong>R[icardi]</strong></span> <span class='ocrx_word' id='word_1_164' title='bbox 1320 3301 1355 3363; x_wconf 89' lang='lat' dir='ltr'><strong>et</strong></span> <span class='ocrx_word' id='word_1_165' title='bbox 1370 3296 1531 3362; x_wconf 85' lang='lat' dir='ltr'><strong>exercitus</strong></span> <span class='ocrx_word' id='word_1_166' title='bbox 1547 3295 1671 3362; x_wconf 81' lang='lat' dir='ltr'><strong>Christi</strong></span> 
     </span>
     <span class='ocr_line' id='line_1_22' title="bbox 454 3399 1671 3517; baseline -0.004 -48"><span class='ocrx_word' id='word_1_167' title='bbox 454 3399 570 3517; x_wconf 52' lang='lat' dir='ltr'><strong>whfft‘p</strong></span> <span class='ocrx_word' id='word_1_168' title='bbox 622 3400 857 3469; x_wconf 83' lang='lat' dir='ltr'><strong>confusionem.</strong></span> <span class='ocrx_word' id='word_1_169' title='bbox 903 3399 976 3480; x_wconf 78' lang='lat' dir='ltr'><strong>Quo</strong></span> <span class='ocrx_word' id='word_1_170' title='bbox 1008 3421 1081 3466; x_wconf 88' lang='lat' dir='ltr'><strong>curu</strong></span> <span class='ocrx_word' id='word_1_171' title='bbox 1115 3401 1325 3488; x_wconf 89' lang='lat' dir='ltr'><strong>pervenisset,</strong></span> <span class='ocrx_word' id='word_1_172' title='bbox 1358 3399 1527 3466; x_wconf 86' lang='lat' dir='ltr'><strong>confestim</strong></span> <span class='ocrx_word' id='word_1_173' title='bbox 1558 3401 1671 3465; x_wconf 85' lang='lat' dir='ltr'><strong>divino</strong></span> 
     </span>
     <span class='ocr_line' id='line_1_23' title="bbox 454 3481 1691 3590; baseline -0.006 -17"><span class='ocrx_word' id='word_1_174' title='bbox 454 3481 580 3585; x_wconf 47' lang='lat' dir='ltr'><strong>{effudi</strong></span> <span class='ocrx_word' id='word_1_175' title='bbox 620 3503 814 3571; x_wconf 87' lang='lat' dir='ltr'><strong>terribiliter</strong></span> <span class='ocrx_word' id='word_1_176' title='bbox 835 3523 1006 3589; x_wconf 85' lang='lat' dir='ltr'><strong>percussus</strong></span> <span class='ocrx_word' id='word_1_177' title='bbox 1023 3502 1159 3590; x_wconf 90' lang='lat' dir='ltr'><strong>judicio,</strong></span> <span class='ocrx_word' id='word_1_178' title='bbox 1182 3509 1292 3569; x_wconf 90' lang='lat' dir='ltr'><strong>mente</strong></span> <span class='ocrx_word' id='word_1_179' title='bbox 1315 3503 1478 3569; x_wconf 88' lang='lat' dir='ltr'><strong>alienatus</strong></span> <span class='ocrx_word' id='word_1_180' title='bbox 1506 3525 1577 3568; x_wconf 89' lang='lat' dir='ltr'><strong>sese</strong></span> <span class='ocrx_word' id='word_1_181' title='bbox 1605 3503 1691 3568; x_wconf 77' lang='lat' dir='ltr'><strong>dis..</strong></span> 
     </span>
    </p>
   </div>
   <div class='ocr_carea' id='block_1_6' title="bbox 455 3601 1690 3696">
    <p class='ocr_par' dir='ltr' id='par_1_17' title="bbox 455 3601 1690 3696">
     <span class='ocr_line' id='line_1_24' title="bbox 455 3601 1690 3696; baseline -0.002 -28"><span class='ocrx_word' id='word_1_182' title='bbox 455 3601 541 3668; x_wconf 63' lang='lat'><strong>⁶⁸³¹!-</strong></span> <span class='ocrx_word' id='word_1_183' title='bbox 623 3627 767 3696; x_wconf 90' lang='lat' dir='ltr'><strong>cerpens,</strong></span> <span class='ocrx_word' id='word_1_184' title='bbox 786 3610 893 3672; x_wconf 89' lang='lat' dir='ltr'><strong>morte</strong></span> <span class='ocrx_word' id='word_1_185' title='bbox 914 3605 1095 3672; x_wconf 85' lang='lat' dir='ltr'><strong>miserabili</strong></span> <span class='ocrx_word' id='word_1_186' title='bbox 1117 3607 1222 3672; x_wconf 87' lang='lat' dir='ltr'><strong>vitam</strong></span> <span class='ocrx_word' id='word_1_187' title='bbox 1245 3604 1378 3673; x_wconf 71' lang='lat' dir='ltr'><strong>subito*</strong></span> <span class='ocrx_word' id='word_1_188' title='bbox 1400 3604 1602 3672; x_wconf 89' lang='lat' dir='ltr'><strong>terminavit.</strong></span> <span class='ocrx_word' id='word_1_189' title='bbox 1684 3654 1690 3666; x_wconf 93' lang='lat'><strong><em>.</em></strong></span> 
     </span>
    </p>
   </div>
   <div class='ocr_carea' id='block_1_7' title="bbox 653 3873 1646 4071">
    <p class='ocr_par' dir='ltr' id='par_1_18' title="bbox 653 3873 1646 4071">
     <span class='ocr_line' id='line_1_25' title="bbox 653 3873 1646 4071; baseline 0.003 -126"><span class='ocrx_word' id='word_1_190' title='bbox 653 3873 778 3945; x_wconf 75' lang='lat' dir='ltr'><strong>Utres</strong></span> <span class='ocrx_word' id='word_1_191' title='bbox 799 3875 973 3946; x_wconf 75' lang='lat' dir='ltr'><strong>Ricacdus</strong></span> <span class='ocrx_word' id='word_1_192' title='bbox 994 3877 1251 4071; x_wconf 53' lang='lat' dir='ltr'><strong>Sclplurdiuum</strong></span> <span class='ocrx_word' id='word_1_193' title='bbox 1272 3879 1314 3946; x_wconf 85' lang='lat' dir='ltr'><strong>cb</strong></span> <span class='ocrx_word' id='word_1_194' title='bbox 1336 3878 1509 3948; x_wconf 77' lang='lat' dir='ltr'><strong>obsidione</strong></span> <span class='ocrx_word' id='word_1_195' title='bbox 1530 3879 1646 3970; x_wconf 81' lang='lat' dir='ltr'><strong>Jcpeca</strong></span> 
     </span>
     <span class='ocr_line' id='line_1_26' title="bbox 1077 3983 1236 4070; baseline 0.025 -21"><span class='ocrx_word' id='word_1_196' title='bbox 1077 3983 1236 4070; x_wconf 60' lang='lat' dir='ltr'><strong>accurit.</strong></span> 
     </span>
    </p>
   </div>
   <div class='ocr_carea' id='block_1_8' title="bbox 457 4128 1833 4427">
    <p class='ocr_par' dir='ltr' id='par_1_19' title="bbox 457 4128 1833 4427">
     <span class='ocr_line' id='line_1_27' title="bbox 457 4128 1833 4220; baseline 0.003 -26"><span class='ocrx_word' id='word_1_197' title='bbox 457 4151 570 4202; x_wconf 75' lang='lat' dir='ltr'><strong>sichard</strong></span> <span class='ocrx_word' id='word_1_198' title='bbox 672 4128 745 4194; x_wconf 85' lang='lat' dir='ltr'><strong>Rex</strong></span> <span class='ocrx_word' id='word_1_199' title='bbox 767 4131 880 4195; x_wconf 89' lang='lat' dir='ltr'><strong>autem</strong></span> <span class='ocrx_word' id='word_1_200' title='bbox 896 4128 1065 4211; x_wconf 88' lang='lat' dir='ltr'><strong>Ricardus,</strong></span> <span class='ocrx_word' id='word_1_201' title='bbox 1087 4136 1317 4220; x_wconf 89' lang='lat' dir='ltr'><strong>postmortem</strong></span> <span class='ocrx_word' id='word_1_202' title='bbox 1334 4131 1427 4199; x_wconf 89' lang='lat' dir='ltr'><strong>ducis</strong></span> <span class='ocrx_word' id='word_1_203' title='bbox 1441 4131 1672 4220; x_wconf 89' lang='lat' dir='ltr'><strong>turpissimam,</strong></span> <span class='ocrx_word' id='word_1_204' title='bbox 1685 4143 1833 4212; x_wconf 57' lang='lat' dir='ltr'><strong>neuwen.</strong></span> 
     </span>
     <span class='ocr_line' id='line_1_28' title="bbox 457 4214 1802 4337; baseline 0.003 -39"><span class='ocrx_word' id='word_1_205' title='bbox 457 4220 602 4337; x_wconf 39' lang='lat' dir='ltr'><strong>fflffnssoe</strong></span> <span class='ocrx_word' id='word_1_206' title='bbox 626 4253 702 4298; x_wconf 87' lang='lat' dir='ltr'><strong>curn</strong></span> <span class='ocrx_word' id='word_1_207' title='bbox 725 4252 828 4320; x_wconf 87' lang='lat' dir='ltr'><strong>parvo</strong></span> <span class='ocrx_word' id='word_1_208' title='bbox 851 4232 1011 4299; x_wconf 89' lang='lat' dir='ltr'><strong>comitatu</strong></span> <span class='ocrx_word' id='word_1_209' title='bbox 1033 4255 1134 4301; x_wconf 87' lang='lat' dir='ltr'><strong>naves</strong></span> <span class='ocrx_word' id='word_1_210' title='bbox 1155 4239 1315 4301; x_wconf 87' lang='lat' dir='ltr'><strong>rostratas</strong></span> <span class='ocrx_word' id='word_1_211' title='bbox 1338 4235 1426 4302; x_wconf 91' lang='lat' dir='ltr'><strong>ocius</strong></span> <span class='ocrx_word' id='word_1_212' title='bbox 1449 4237 1674 4315; x_wconf 89' lang='lat' dir='ltr'><strong>conscendens,</strong></span> <span class='ocrx_word' id='word_1_213' title='bbox 1719 4214 1754 4266; x_wconf 57' lang='grc' dir='ltr'><strong>ἰῇ·</strong></span> <span class='ocrx_word' id='word_1_214' title='bbox 1766 4219 1802 4266; x_wconf 82' lang='lat'><strong>⁵⁹·</strong></span> 
     </span>
     <span class='ocr_line' id='line_1_29' title="bbox 458 4335 1675 4427; baseline 0.003 -25"><span class='ocrx_word' id='word_1_215' title='bbox 458 4353 598 4405; x_wconf 73' lang='lat' dir='ltr'><strong>rherum</strong></span> <span class='ocrx_word' id='word_1_216' title='bbox 627 4335 765 4401; x_wconf 86' lang='lat' dir='ltr'><strong>obsessis</strong></span> <span class='ocrx_word' id='word_1_217' title='bbox 780 4335 868 4423; x_wconf 86' lang='lat' dir='ltr'><strong>apud</strong></span> <span class='ocrx_word' id='word_1_218' title='bbox 882 4335 908 4402; x_wconf 85' lang='lat' dir='ltr'><strong>,J</strong></span> <span class='ocrx_word' id='word_1_219' title='bbox 908 4357 992 4424; x_wconf 90' lang='lat' dir='ltr'><strong>open</strong></span> <span class='ocrx_word' id='word_1_220' title='bbox 1014 4336 1145 4403; x_wconf 87' lang='lat' dir='ltr'><strong>studuit</strong></span> <span class='ocrx_word' id='word_1_221' title='bbox 1167 4338 1350 4406; x_wconf 90' lang='lat' dir='ltr'><strong>subvenire.</strong></span> <span class='ocrx_word' id='word_1_222' title='bbox 1396 4339 1442 4406; x_wconf 85' lang='lat' dir='ltr'><strong>Et</strong></span> <span class='ocrx_word' id='word_1_223' title='bbox 1462 4341 1541 4427; x_wconf 88' lang='lat' dir='ltr'><strong>quia</strong></span> <span class='ocrx_word' id='word_1_224' title='bbox 1554 4345 1675 4406; x_wconf 88' lang='lat' dir='ltr'><strong>ventus</strong></span> 
     </span>
    </p>
   </div>
   <div class='ocr_carea' id='block_1_9' title="bbox 458 4419 1831 4530">
    <p class='ocr_par' dir='ltr' id='par_1_20' title="bbox 458 4419 1831 4530">
     <span class='ocr_line' id='line_1_30' title="bbox 458 4419 1831 4530; baseline 0 -26"><span class='ocrx_word' id='word_1_225' title='bbox 458 4419 613 4487; x_wconf 75' lang='lat' dir='ltr'><strong>nouJoppu</strong></span> <span class='ocrx_word' id='word_1_226' title='bbox 625 4439 872 4521; x_wconf 76' lang='lat' dir='ltr'><strong>adversabatur,</strong></span> <span class='ocrx_word' id='word_1_227' title='bbox 888 4462 929 4505; x_wconf 84' lang='lat' dir='ltr'><strong>ex</strong></span> <span class='ocrx_word' id='word_1_228' title='bbox 952 4439 1085 4527; x_wconf 89' lang='lat' dir='ltr'><strong>obliquo</strong></span> <span class='ocrx_word' id='word_1_229' title='bbox 1101 4441 1302 4530; x_wconf 85' lang='lat' dir='ltr'><strong>remigantes</strong></span> <span class='ocrx_word' id='word_1_230' title='bbox 1323 4463 1398 4509; x_wconf 90' lang='lat' dir='ltr'><strong>curn</strong></span> <span class='ocrx_word' id='word_1_231' title='bbox 1413 4443 1521 4508; x_wconf 88' lang='lat' dir='ltr'><strong>tribus</strong></span> <span class='ocrx_word' id='word_1_232' title='bbox 1543 4445 1674 4508; x_wconf 88' lang='lat' dir='ltr'><strong>tantum</strong></span> <span class='ocrx_word' id='word_1_233' title='bbox 1686 4453 1831 4520; x_wconf 50' lang='lat' dir='ltr'><strong>nossem.</strong></span> 
     </span>
    </p>
   </div>
   <div class='ocr_carea' id='block_1_10' title="bbox 625 4523 1801 4739">
    <p class='ocr_par' dir='ltr' id='par_1_21' title="bbox 625 4523 1801 4739">
     <span class='ocr_line' id='line_1_31' title="bbox 625 4523 1801 4634; baseline 0.001 -27"><span class='ocrx_word' id='word_1_234' title='bbox 625 4542 777 4622; x_wconf 89' lang='lat' dir='ltr'><strong>navibus,</strong></span> <span class='ocrx_word' id='word_1_235' title='bbox 799 4543 902 4609; x_wconf 87' lang='lat' dir='ltr'><strong>tertia</strong></span> <span class='ocrx_word' id='word_1_236' title='bbox 925 4544 979 4610; x_wconf 89' lang='lat' dir='ltr'><strong>die</strong></span> <span class='ocrx_word' id='word_1_237' title='bbox 1001 4566 1098 4610; x_wconf 87' lang='lat' dir='ltr'><strong>mane</strong></span> <span class='ocrx_word' id='word_1_238' title='bbox 1120 4545 1157 4610; x_wconf 90' lang='lat' dir='ltr'><strong>in</strong></span> <span class='ocrx_word' id='word_1_239' title='bbox 1183 4550 1282 4632; x_wconf 87' lang='lat' dir='ltr'><strong>portu</strong></span> <span class='ocrx_word' id='word_1_240' title='bbox 1302 4545 1411 4634; x_wconf 85' lang='lat' dir='ltr'><strong>Jopen</strong></span> <span class='ocrx_word' id='word_1_241' title='bbox 1438 4547 1674 4634; x_wconf 90' lang='lat' dir='ltr'><strong>applicuerunt.</strong></span> <span class='ocrx_word' id='word_1_242' title='bbox 1719 4523 1755 4575; x_wconf 83' lang='lat' dir='ltr'><strong>iii.</strong></span> <span class='ocrx_word' id='word_1_243' title='bbox 1766 4529 1801 4574; x_wconf 80' lang='lat'><strong>⁶⁰·</strong></span> 
     </span>
     <span class='ocr_line' id='line_1_32' title="bbox 627 4643 1677 4739; baseline 0.003 -26"><span class='ocrx_word' id='word_1_244' title='bbox 627 4643 846 4712; x_wconf 86' lang='lat' dir='ltr'><strong>Salahadinus</strong></span> <span class='ocrx_word' id='word_1_245' title='bbox 865 4647 1001 4714; x_wconf 87' lang='lat' dir='ltr'><strong>interim</strong></span> <span class='ocrx_word' id='word_1_246' title='bbox 1022 4648 1145 4717; x_wconf 86' lang='lat' dir='ltr'><strong>crebris</strong></span> <span class='ocrx_word' id='word_1_247' title='bbox 1164 4649 1343 4718; x_wconf 88' lang='lat' dir='ltr'><strong>assultibus</strong></span> <span class='ocrx_word' id='word_1_248' title='bbox 1363 4649 1479 4716; x_wconf 92' lang='lat' dir='ltr'><strong>urbem</strong></span> <span class='ocrx_word' id='word_1_249' title='bbox 1491 4651 1563 4737; x_wconf 87' lang='lat' dir='ltr'><strong>jarn</strong></span> <span class='ocrx_word' id='word_1_250' title='bbox 1586 4673 1677 4739; x_wconf 86' lang='lat' dir='ltr'><strong>cepe-</strong></span> 
     </span>
    </p>
   </div>
   <div class='ocr_carea' id='block_1_11' title="bbox 661 4883 1587 5038">
    <p class='ocr_par' dir='ltr' id='par_1_22' title="bbox 661 4883 1587 5038">
     <span class='ocr_line' id='line_1_33' title="bbox 661 4883 1587 4956; baseline 0.01 -24"><span class='ocrx_word' id='word_1_251' title='bbox 661 4885 669 4914; x_wconf 92' lang='lat'>¹</span> <span class='ocrx_word' id='word_1_252' title='bbox 674 4883 750 4950; x_wconf 82' lang='lat' dir='ltr'><strong>sore]</strong></span> <span class='ocrx_word' id='word_1_253' title='bbox 770 4883 892 4948; x_wconf 79' lang='lat' dir='ltr'><strong>Supplied</strong></span> <span class='ocrx_word' id='word_1_254' title='bbox 902 4886 969 4937; x_wconf 78' lang='lat' dir='ltr'><strong>from</strong></span> <span class='ocrx_word' id='word_1_255' title='bbox 980 4888 1001 4939; x_wconf 93' lang='grc' dir='ltr'><strong>Ῑ.</strong></span> <span class='ocrx_word' id='word_1_256' title='bbox 1013 4889 1043 4941; x_wconf 83' lang='lat' dir='ltr'><strong>C.</strong></span> <span class='ocrx_word' id='word_1_257' title='bbox 1206 4891 1215 4919; x_wconf 82' lang='lat'><strong>³</strong></span> <span class='ocrx_word' id='word_1_258' title='bbox 1227 4887 1374 4956; x_wconf 77' lang='lat' dir='ltr'><strong>subsidium]</strong></span> <span class='ocrx_word' id='word_1_259' title='bbox 1394 4889 1519 4950; x_wconf 87' lang='lat' dir='ltr'><strong>subdium‚</strong></span> <span class='ocrx_word' id='word_1_260' title='bbox 1531 4889 1587 4941; x_wconf 84' lang='lat' dir='ltr'><strong>MS.</strong></span> 
     </span>
     <span class='ocr_line' id='line_1_34' title="bbox 662 4964 1554 5038; baseline 0.01 -27"><span class='ocrx_word' id='word_1_261' title='bbox 662 4964 673 4994; x_wconf 80' lang='lat'>²</span> <span class='ocrx_word' id='word_1_262' title='bbox 684 4964 819 5034; x_wconf 76' lang='lat' dir='ltr'><strong>immineas]</strong></span> <span class='ocrx_word' id='word_1_263' title='bbox 838 4965 955 5030; x_wconf 59' lang='lat' dir='ltr'><strong>muers,</strong></span> <span class='ocrx_word' id='word_1_264' title='bbox 966 4968 1022 5019; x_wconf 61' lang='lat' dir='ltr'><strong>MS</strong></span> <span class='ocrx_word' id='word_1_265' title='bbox 1206 4967 1315 5038; x_wconf 75' lang='lat' dir='ltr'><strong>‘subitoJ</strong></span> <span class='ocrx_word' id='word_1_266' title='bbox 1334 4969 1463 5022; x_wconf 78' lang='lat' dir='ltr'><strong>Aduenis</strong></span> <span class='ocrx_word' id='word_1_267' title='bbox 1474 4983 1554 5034; x_wconf 81' lang='lat' dir='ltr'><strong>marg.</strong></span> 
     </span>
    </p>
   </div>
   <div class='ocr_carea' id='block_1_12' title="bbox 0 0 2163 6148">
    <p class='ocr_par' dir='ltr' id='par_1_23' title="bbox 0 0 2163 6148">
     <span class='ocr_line' id='line_1_35' title="bbox 0 0 2163 6148; baseline 0 0"><span class='ocrx_word' id='word_1_268' title='bbox 0 0 2163 6148; x_wconf 95' lang='lat' dir='ltr'><strong> </strong></span> 
     </span>
    </p>
   </div>
  </div>
 </body>
</html>
