4242 6159
564 1037 628 1099 204
694 1015 860 1098 mirram
883 1047 1096 1098 rnnrsmnsrs
1118 1048 1282 1098 msroam
1303 1047 1502 1100 arenosus.

394 1345 462 1395 nl).
479 1346 549 1394 1217.
596 1323 645 1389 De
667 1323 799 1410 impeta
814 1324 907 1411 facto
931 1323 1029 1411 epod
1057 1324 1237 1410 Wooberpe
1259 1345 1363 1414 sama·
1389 1323 1587 1390 tarmeialea.

395 1485 527 1538 neseizes
607 1469 738 1536 Deinde
762 1493 837 1537 oum
864 1455 956 1536 omni
969 1471 1186 1538 multitudine
1207 1473 1367 1559 praedicta
1389 1473 1433 1538 ad
1454 1471 1609 1538 forestam
1623 1490 1789 1556 sopiverit

393 1569 541 1670 iiiiii}
561 1572 602 1639 ‘1⁰
617 1573 791 1660 walbefge
813 1596 1000 1662 properans,
1024 1575 1112 1662 cepit
1134 1574 1258 1641 ibidem
1274 1575 1442 1662 Rogemm
1458 1575 1500 1640 de
1516 1574 1611 1641 Oole-
1662 1559 1698 1611 iv.
1714 1566 1754 1612 ¹¹·

393 1689 471 1738 forest
481 1687 511 1736 of
562 1675 642 1740 villa
657 1680 692 1741 et
705 1676 829 1743 multos
844 1677 925 1743 alios
947 1677 1073 1743 milites
1095 1683 1130 1743 et
1153 1678 1344 1756 servientes,
1361 1678 1419 1764 qui
1439 1678 1483 1743 ad
1497 1699 1632 1747 nume.

393 1755 530 1886 {wlff
560 1801 634 1843 rum
649 1779 900 1866 sexagenarium
916 1779 1203 1867 computabantur,
1218 1785 1254 1846 et
1267 1785 1392 1867 praeter
1409 1801 1464 1845 eos
1486 1780 1633 1847 multos.

392 1887 502 1952 bringa]
560 1882 601 1948 do
631 1882 756 1962 ineolis,
780 1883 913 1948 elericos
935 1889 970 1949 et
985 1882 1094 1949 laicos.
1114 1942 1116 1945 .
1139 1883 1207 1950 Sed
1233 1905 1306 1949 eum
1331 1884 1497 1971 quendam
1519 1883 1630 1950 eleri-.

559 2007 634 2051 eum
649 1991 824 2065 armatum,
838 1984 875 2050 G.
889 1985 1054 2064 videlieet,
1068 2008 1240 2073 personam
1256 1985 1298 2052 de
1313 1985 1481 2068 Elintona,
1497 2008 1632 2074 capere.

559 2087 745 2154 voluissent
768 2087 937 2153 Faloasius
961 2093 995 2153 et
1021 2088 1075 2154 sui
1097 2088 1278 2176 complioes,
1292 2089 1363 2176 ipse
1388 2088 1524 2155 elerious
1546 2089 1631 2154 ela.

392 2203 544 2269 Brivas-or
559 2214 642 2278 gans
665 2195 700 2256 ot
723 2188 897 2256 strenuus¹
923 2195 974 2256 tot
996 2212 1040 2256 ex
1062 2190 1130 2256 illis
1151 2191 1310 2279 ruptariis
1330 2192 1521 2280 prostravit,
1537 2192 1632 2258 vul-.

392 2272 536 2403 fflessffi?
560 2293 692 2360 neravit
712 2299 746 2358 et
769 2292 946 2372 interfecit,
963 2294 1051 2380 quod
1072 2315 1185 2360 omnes
1207 2292 1356 2381 ejasdem
1378 2295 1632 2361 strenuitatem.

392 2413 444 2458 ton.
560 2395 773 2462 vehementer
794 2395 1056 2476 admirarentur;
1079 2397 1137 2461 xii.
1161 2397 1251 2463 enim
1273 2397 1425 2485 peremit,
1447 2402 1482 2464 et
1503 2397 1631 2463 multo.

559 2498 668 2586 plures
704 2498 851 2564 letaliter
886 2498 1100 2565 vulneravit.⁹
1159 2500 1306 2566 Tandem
1339 2507 1455 2588 eaptus
1484 2506 1545 2580 est,
1575 2505 1631 2565 et.

560 2603 668 2688 legato
697 2601 733 2665 in
760 2601 860 2666 armis
887 2605 1116 2688 praesentatus,
1141 2603 1195 2668 eui
1222 2607 1358 2691 propter
1381 2602 1629 2672 admirabilem.

560 2704 760 2793 probitatem
786 2702 903 2770 mitius
925 2709 1037 2770 aetum
1060 2711 1118 2770 est.

619 2999 712 3067 Nota
737 2999 956 3066 amaram
980 2998 1252 3085 satisfactionem
1273 2999 1428 3068 raama·
1450 3001 1550 3089 opud
1619 3052 1630 3070 .

894 3103 1061 3170 meatu-m
1083 3101 1273 3169 Attanum.

394 3260 530 3310 Dreinos
604 3241 719 3308 Postea
741 3265 819 3308 vero
843 3241 984 3329 quadam
1008 3247 1105 3306 noete
1125 3263 1185 3330 per
1207 3241 1316 3308 visum
1337 3242 1464 3329 aooepit
1485 3264 1629 3308 memo.

390 3327 519 3444 Fffiffi’t
556 3349 648 3412 ratus
680 3345 855 3425 Falsasius,
879 3343 968 3431 quod
994 3344 1034 3409 de
1060 3342 1148 3408 turri
1170 3343 1315 3410 eeclesia
1345 3344 1460 3411 Sancti
1484 3344 1628 3410 Albani.

390 3410 536 3540 imnodi
556 3448 723 3536 quoddam
743 3449 886 3512 immane
909 3468 1035 3526 saxum,
1050 3445 1088 3511 in
1110 3445 1247 3514 modum
1267 3447 1409 3534 lirlgmis
1431 3448 1550 3514 cadens
1573 3453 1628 3512 et.

389 3528 544 3645 2l¹3⁸{²⁰¹¹⁰¹¹
556 3551 592 3615 in
614 3551 724 3638 ipsum
751 3551 889 3629 irruens,
911 3549 1020 3638 ipsum
1050 3547 1088 3614 in
1111 3549 1283 3637 pulverem
1306 3551 1472 3616 contrivit.
1533 3550 1630 3632 Qua.

389 3661 505 3713 Alban's.
556 3653 751 3740 perterritus
773 3652 909 3731 visione,
932 3653 971 3717 in
1000 3653 1086 3718 lecto
1116 3675 1176 3718 suo
1200 3653 1313 3721 subito
1335 3653 1451 3740 rugitu
1476 3653 1627 3720 terribi.

390 3752 489 3870 lN‘psp
556 3754 635 3823 liter
656 3757 830 3823 infremuit
854 3755 1126 3844 expergefactus;
1158 3754 1343 3843 uxorique³
1369 3778 1446 3836 suae,
1478 3757 1627 3845 Marga.

391 3835 522 3938 mugnus
556 3866 636 3928 retra
653 3862 693 3926 de
717 3859 887 3948 Ripariis,⁴
909 3859 952 3925 ob
966 3857 1028 3926 hoo
1043 3859 1237 3947 stupefactae
1252 3859 1414 3926 visionem
1430 3861 1627 3926 enarravit..

389 3951 510 4008 Falcasii.
555 3965 605 4030 At
627 3965 707 4052 ipsa,
732 3963 1013 4030 “Provoeastisne
1035 3984 1182 4050 amquam
1203 3964 1339 4029 beatum
1354 3963 1532 4041 Albanum,
1547 3967 1626 4028 aut.

556 4067 710 4154 mjuriam
734 4067 906 4154 irrogastis
919 4065 956 4133 t’'
1001 4067 1050 4131 At
1066 4065 1146 4155 ipse,
1161 4072 1179 4101 “
1191 4064 1313 4143 Etiam,
1328 4086 1402 4131 eum
1417 4065 1488 4153 ejus
1510 4064 1625 4132 eccle·

556 4169 638 4236 siam
669 4169 844 4236 homicidio
874 4169 1008 4247 violavi,
1040 4168 1083 4234 ab
1113 4168 1235 4237 abbate
1264 4167 1436 4255 pecuniam
1472 4167 1625 4245 extorsi„

556 4272 671 4339 villam
694 4273 902 4361 depraedatus
925 4295 1006 4350 sum,
1030 4271 1179 4338 homines
1202 4271 1351 4359 captivos
1373 4271 1499 4338 abduxi
1522 4270 1625 4336 redi..

556 4376 718 4443 mendos.''
775 4377 823 4442 At
853 4375 934 4464 ipsa,
959 4385 976 4410 “
989 4374 1204 4441 Festinanter
1226 4396 1324 4440 mane
1353 4373 1410 4439 adi
1440 4374 1626 4441 eeclesiam·

556 4480 752 4546 venerabilis
775 4480 962 4567 Anglorum
989 4476 1259 4566 prothomartiris
1287 4477 1422 4558 Albani,
1446 4483 1480 4543 et
1510 4477 1625 4544 satis·-

555 4585 607 4650 fao
623 4585 694 4649 Deo
717 4587 752 4649 et
773 4583 911 4660 martiri,
928 4586 962 4647 et
976 4581 1056 4648 viris
1078 4580 1240 4668 religiosis
1261 4577 1409 4666 ibidem·⁶
1431 4580 1625 4646 militanti.

589 4781 766 4848 'elstreaaur]
795 4781 887 4834 Added
909 4796 943 4832 on
965 4789 992 4831 to
1015 4779 1058 4830 the
1138 4778 1219 4845 'qud
1238 4777 1385 4829 Interlined.

555 4873 617 4916 text
1138 4860 1147 4887 ⁴
1160 4857 1312 4925 Maryaretae
1323 4857 1353 4908 da
1364 4856 1494 4924 Riprrrir'e]
1514 4856 1608 4909 Added

588 4943 653 4994 ἷῐπεῖ.
665 4943 726 4994 enim
738 4979 745 4994 .
759 4979 764 4993 .
778 4979 784 4993 .
802 4939 951 5008 vulneravit]
965 4939 1058 4992 Added
1105 4937 1133 4989 in
1144 4953 1225 5004 marg.

556 5025 584 5076 in
597 5037 677 5088 marg.
1138 5017 1260 5084 ‘ibidemJ
1278 5017 1381 5079 lbibem,
1392 5017 1449 5069 MS.
