4242 6159
567 1015 632 1088 378
697 1030 861 1084 nimam
883 1030 1095 1087 rmrsmusrs
1117 1030 1281 1086 arescam
1302 1030 1503 1087 caenosum

398 1333 468 1389 Am.
483 1343 554 1393 raes.
783 1328 920 1395 Nouum
938 1321 1166 1415 prictlepo'oro
1188 1326 1401 1396 Judaeum.

398 1488 535 1569 Thasoue
613 1476 714 1544 Anno
737 1500 866 1566 quoque
881 1480 943 1546 sub
958 1481 1073 1547 eodem
1088 1474 1111 1545 J
1112 1478 1207 1559 udaei,
1225 1480 1329 1547 effusa
1350 1478 1457 1546 multa
1479 1478 1635 1567 pecunia.
1653 1484 1793 1569 Itwend.

397 1558 550 1685 {Qum
569 1587 605 1647 et
626 1582 754 1664 amissa,
778 1579 1010 1672 impetranmt
1045 1580 1134 1671 quod
1157 1589 1207 1650 est
1229 1577 1482 1665 admirandum,¹
1513 1582 1635 1670 privi,
1664 1572 1699 1607 ι’·
1712 1562 1774 1609 ³²⁶·

396 1641 533 1745 marei?
568 1684 691 1773 legium
723 1708 848 1753 novum
878 1709 900 1751 a
928 1707 1056 1752 summo
1090 1686 1256 1773 pontifice,
1278 1709 1320 1754 na
1351 1710 1372 1752 a
1401 1686 1534 1773 regibus
1556 1690 1616 1752 aut

396 1771 467 1823 ΜΕ·
567 1786 771 1876 principibus
786 1810 845 1877 pro
860 1788 1032 1855 exactione
1054 1789 1202 1876 pecuniae
1224 1791 1368 1879 turpiter
1382 1793 1634 1857 tractarentur..

567 1890 613 1958 Et
634 1889 722 1979 quod
753 1892 866 1959 liceret
899 1891 946 1958 eis
977 1888 1182 1959 Christianos
1212 1888 1334 1959 hebere
1367 1893 1557 1972 servientes,
1581 1898 1634 1959 et.

567 1992 774 2062 Christianae
797 1995 899 2062 etiam
922 2016 1101 2083 puerorum
1124 2018 1259 2063 suorum
1281 1996 1436 2077 nutrices,
1468 1997 1505 2061 in
1528 1994 1634 2063 deri.

564 2120 636 2165 sum
667 2104 861 2187 magnetum
884 2098 1158 2182 Christianorum,
1181 2098 1238 2189 qui
1262 2098 1376 2169 iccirco
1411 2100 1520 2167 minus
1553 2100 1633 2167 eis-.

564 2198 640 2268 dem
661 2197 790 2269 Judaeis
812 2208 1038 2290 pepercerunt.
1090 2255 1092 2264 .

849 2443 900 2512 m
917 2443 1059 2533 aalma
1076 2444 1332 2534 omasum.

396 2583 538 2638 Amase
613 2584 688 2655 Hoc
709 2609 840 2675 quoque
862 2610 958 2668 anno,
983 2590 1041 2677 qui
1064 2594 1114 2655 est
1144 2612 1251 2656 annus
1281 2596 1419 2658 octavus
1440 2594 1616 2678 postquam
1627 2606 1790 2675 Roavvend.

396 2655 528 2719 mm
567 2692 759 2758 constitutae
785 2698 865 2757 sunt
896 2697 1022 2780 treugae
1054 2692 1269 2759 decennales²
1299 2695 1336 2759 in
1369 2694 1470 2760 Terra
1493 2694 1617 2760 Sancta
1656 2678 1763 2731 i'·³²⁷·

562 2795 651 2860 inter
665 2796 852 2862 Romanum
866 2796 1097 2883 imperatorem
1110 2794 1367 2884 F[retherioum]
1384 2801 1419 2863 et
1434 2796 1616 2864 Babiloniae

563 2897 752 2977 Saleianum,
768 2898 857 2965 facta
871 2904 922 2965 est
935 2898 1126 2988 praedicatio
1142 2899 1183 2965 de
1194 2899 1297 2966 Omcc
1313 2922 1372 2988 per
1386 2904 1493 2965 totam
1506 2898 1616 2967 Chris·

561 3000 760 3083 tianitatem,
793 3000 837 3067 ad
868 3002 1158 3069 commonitionem
1190 3008 1224 3069 et
1254 3004 1455 3071 instantiam
1489 2999 1616 3071 domini

563 3102 714 3193 Gregorii
745 3127 847 3193 papae.
894 3104 960 3187 Qui
990 3103 1104 3172 literas
1131 3106 1168 3171 in
1200 3104 1347 3174 diversas
1381 3106 1471 3174 orbis
1503 3114 1615 3195 partes

564 3204 688 3275 direxit
711 3208 772 3274 sub
788 3208 850 3275 hac
864 3208 988 3275 forma:
1013 3214 1033 3245 “
1042 3208 1230 3298 Gregorius,
1247 3214 1306 3278 etc.
1332 3208 1454 3277 Rachel
1470 3210 1615 3291 videns‚''

564 3311 648 3379 eto⁸
693 3308 831 3401 Respice
852 3312 890 3379 in
911 3312 996 3380 libro
1019 3312 1343 3382 Additamentorum.

602 3588 654 3656 Dc
676 3588 827 3656 adventu
848 3588 1066 3658 mundorum
1087 3589 1309 3680 imperatoris
1330 3592 1374 3661 to
1397 3593 1576 3683 Aoplr’arrt
1623 3616 1625 3621 ’

396 3749 555 3821 Mesengera
613 3736 738 3804 Eodem
759 3760 854 3817 anno,
876 3760 986 3805 mense
1008 3738 1190 3823 Februarii,
1213 3749 1376 3809 venerunt
1398 3746 1487 3831 apud
1508 3745 1616 3812 West
1627 3768 1788 3834 Ropwenu.

395 3818 514 3951 ἓξὲξ
568 3840 806 3907 monasterium
838 3840 904 3909 duo
936 3842 1157 3930 Hospitalarii
1202 3842 1503 3928 Theutonicorum,⁴
1540 3872 1614 3916 cum
1629 3908 1638 3923 .
1653 3835 1758 3946 ΨΜ·

394 3956 524 4017 αιτῑνε,ω
568 3945 732 4011 militibus
764 3951 800 4012 et
832 3944 907 4011 aliis
937 3946 1068 4012 nunciis
1091 3946 1333 4036 sollempnibus,
1367 3972 1388 4017 a
1418 3950 1615 4033 Frecherico,

395 4022 557 4167 iiiiii?
569 4048 794 4115 Romanorum
824 4047 1030 4137 imperatore,
1062 4051 1105 4116 ad
1144 4072 1254 4139 regem
1291 4050 1477 4142 anglorum
1515 4056 1615 4139 missi,
1667 4046 1673 4067 ⁰

395 4160 546 4209 termam·
567 4150 708 4219 fsrentcs
730 4152 844 4218 literas
866 4152 970 4239 ipsius
1000 4175 1081 4220 auro
1111 4152 1265 4235 bullatas,
1289 4156 1410 4245 quibus
1432 4158 1617 4247 postulavit

566 4252 765 4335 Yaabellam,
781 4277 925 4323 sororem
939 4256 1034 4345 regis,
1050 4256 1115 4323 sibi
1131 4260 1342 4327 matrimonio
1357 4262 1511 4351 copulari
1551 4264 1616 4331 Ve-

417 4320 450 4365 ²³
461 4315 523 4368 reb.
565 4360 694 4428 niem
716 4366 829 4428 autem
851 4362 924 4427 viic,
939 4360 1099 4430 kalendas
1115 4362 1231 4429 Martii
1246 4364 1290 4430 ad
1311 4386 1431 4455 regem,
1447 4368 1617 4456 petierunt

596 4593 603 4629 ¹
622 4596 686 4663 qaod
706 4604 744 4650 m
764 4596 947 4665 minuam]
968 4596 1010 4651 On
1031 4611 1065 4649 an
1111 4599 1248 4667 preceding
1259 4614 1320 4667 year
1335 4604 1390 4667 (see
1401 4616 1425 4669 p.
1442 4608 1514 4671 368),
1527 4606 1578 4657 and
1587 4605 1614 4657 ln

563 4679 671 4728 &mure
1110 4680 1141 4731 Β.
1152 4680 1180 4732 0.
1192 4680 1215 4732 is
1223 4684 1342 4747 repeated
1351 4683 1411 4735 here
1429 4690 1456 4735 et
1466 4685 1562 4753 length.
1590 4688 1615 4737 It

594 4758 605 4788 ²
620 4754 773 4825 ὀκεκπσῖα]
791 4756 883 4809 Before
897 4756 949 4809 this
961 4756 1064 4810 sordis
1110 4758 1133 4809 is
1145 4761 1229 4811 notin
1240 4762 1283 4812 the
1305 4762 1406 4814 “Liber
1419 4764 1613 4817 Additamento

562 4837 662 4888 written
673 4839 743 4901 tnta,
755 4838 802 4888 bnt
812 4840 963 4903 cxpnnotcd.
1108 4840 1190 4891 rum'’
1204 4838 1275 4905 [ΜΒ.
1290 4840 1355 4893 Octa
1367 4842 1435 4895 Naro
1446 4844 1479 4894 D.
1492 4844 1537 4913 Ι.].

594 4916 839 4968 ¹Thisouuorthe
854 4932 918 4982 pope
934 4917 981 4968 bar
999 4918 1064 4968 been
1140 4919 1150 4949 ⁴
1176 4918 1346 4987 Hospitolorii
1383 4920 1612 4993 lbecbaicorurn]

562 4996 673 5049 referred
695 5002 722 5047 to
746 4996 894 5063 previously
917 4999 998 5049 under
1019 4997 1064 5049 the
1108 4996 1255 5065 Temptant,
1267 5000 1308 5053 W.
