4242 6159
614 1082 677 1148 496
738 1097 904 1150 usrrnnr
927 1099 1139 1151 rsmsrarsrs
1160 1099 1324 1150 nrsronm
1344 1099 1542 1151 aserenon.

443 1423 511 1476 nn.
527 1428 599 1477 mu.
1047 1408 1224 1498 Orsaifeat.

442 1603 589 1654 Arrivalos
656 1578 845 1676 Eodemque
879 1593 1026 1676 tempore
1048 1594 1212 1656 venerunt
1245 1587 1414 1670 (trucident,
1437 1590 1572 1677 quidam
1598 1593 1660 1657 sci·

442 1671 576 1722 ‘¹¹⁹⁰sp
610 1692 689 1760 licet
715 1693 795 1758 novi
817 1691 969 1780 religiosi,
992 1693 1029 1757 in
1051 1692 1218 1780 Angliam,
1241 1697 1316 1780 post
1337 1693 1456 1760 fratres
1478 1694 1520 1759 de
1542 1693 1660 1761 Monte

442 1738 569 1870 bigarii.
612 1794 760 1861 Carmeli.
807 1794 903 1862 Circa
934 1795 1022 1861 idem
1052 1800 1183 1883 tempus
1217 1816 1252 1861 se
1285 1796 1461 1863 transtulit
1493 1817 1581 1884 papo
1613 1798 1658 1862 ad

441 1883 573 2002 {hgklglw
610 1898 784 1964 Astensem
807 1898 987 1975 civitatem,
1002 1903 1042 1964 ut
1056 1898 1219 1986 promtius
1233 1898 1385 1964 obviaret
1399 1899 1657 1966 occidentalibus

441 2017 578 2068 himselfto
610 2023 670 2067 sua
702 2002 835 2089 negotia
868 2001 1020 2088 expedire
1054 1999 1284 2089 cupientibus¹
1343 2002 1426 2068 Inde
1458 2024 1545 2082 vero,
1581 2007 1658 2088 post

441 2083 570 2202 3222}ss
610 2105 774 2171 modicum
796 2106 954 2194 temporis
984 2105 1137 2191 spatium,
1162 2104 1307 2192 deceptis
1328 2105 1383 2170 vel
1404 2105 1566 2192 corruptis
1594 2106 1657 2170 im-

441 2217 535 2282 Lyons.
608 2208 767 2294 peratoris
789 2208 988 2288 custodibus,
1011 2208 1077 2274 iter
1098 2207 1363 2274 clandestinum⁹
1384 2210 1527 2295 arripuit
1541 2230 1656 2275 versus

609 2310 830 2399 Lugdunum.⁸

644 2568 763 2656 Erupit
783 2590 843 2636 raa
864 2567 1044 2637 ancilium
1062 2568 1259 2658 pacatam,
1284 2569 1341 2636 sed
1363 2570 1617 2639 coatrcdiatom

1075 2679 1121 2739 eat
1143 2673 1182 2740 ci.

474 2843 565 2894 1Nov.
654 2837 696 2902 In
717 2837 861 2903 crastino
884 2841 994 2904 autem
1016 2837 1215 2904 Animarum
1238 2844 1410 2927 magnates
1432 2839 1563 2927 Angliae
1585 2842 1657 2929 regi

440 2923 572 3056 ἓξὲξ
609 2940 771 3008 auxilium
794 2943 967 3029 pecuniane
991 2941 1184 3029 postulanti,
1206 2942 1332 3008 totiens
1354 2943 1426 3009 laesi
1448 2948 1483 3010 et
1504 2944 1656 3031 dampni.

439 3059 529 3108 manu
540 3071 584 3121 pe·
609 3044 707 3123 fioati,
739 3043 775 3110 id
806 3044 911 3110 facere
944 3045 1166 3130 impotentee‚⁴
1204 3044 1416 3133 denegarunt.
1478 3044 1545 3112 Sed
1577 3047 1657 3134 quia

439 3125 547 3252 ἓξὲξ,
610 3147 763 3214 dominus
785 3169 844 3213 rex
866 3147 1078 3234 obligabatur
1099 3146 1141 3213 de
1174 3147 1297 3214 debitis
1317 3170 1386 3214 non
1408 3149 1555 3215 minimis
1577 3173 1656 3237 erga

438 3258 579 3308 irienses.
607 3257 802 3317 mercatores
836 3250 876 3316 de
909 3251 999 3330 vino,
1022 3250 1064 3315 de
1099 3271 1180 3327 cera,
1203 3250 1245 3316 de
1277 3252 1395 3338 pannis
1420 3252 1657 3331 ultramarinis,

438 3333 588 3464 ,Imm
607 3377 629 3418 a
650 3351 800 3419 civibus³
821 3352 993 3440 pecuniam
1024 3352 1165 3418 multam
1199 3353 1341 3419 extorsit
1373 3359 1409 3420 ct
1435 3353 1573 3434 Jadaeis‚
1594 3377 1656 3422 nec

438 3465 585 3583 {cappas
607 3462 718 3522 tamen
740 3453 817 3521 inde
839 3458 1035 3522 mercatores
1056 3455 1188 3543 plenam
1210 3456 1416 3544 pacationem
1438 3463 1637 3545 receperunt

439 3601 490 3653 and
500 3599 578 3652 Jews.

618 3715 804 3784 Nicboloas
826 3715 866 3784 de
888 3714 992 3784 Molis
1013 3714 1165 3784 vestm
1186 3737 1220 3784 se
1242 3713 1284 3784 ab
1305 3713 1455 3784 leodibus
1477 3715 1638 3805 defendit.

437 3897 557 3949 nichae
652 3889 778 3956 Diebus
799 3889 901 3955 etiam
923 3888 985 3954 sub
1015 3889 1137 3956 eisdem
1158 3887 1341 3954 Nioholaus
1363 3888 1404 3953 de
1427 3887 1534 3966 Molis,
1556 3910 1657 3975 quem

437 3965 568 4084 mm
607 3992 759 4058 dominus
781 4015 841 4058 rex
862 3991 1075 4058 senescallum
1105 3991 1279 4057 constituit
1300 3989 1491 4070 Wasconiae,
1513 3991 1655 4057 viriliter

438 4097 595 4161 sesmoy,
607 4096 650 4162 ab
664 4096 815 4162 hostibus
837 4097 874 4161 in
896 4095 1004 4184 ipsum
1019 4091 1288 4183 insurgentibus⁰
1302 4116 1337 4160 se
1352 4092 1540 4172 defendens,
1553 4095 1655 4160 etiam

437 4163 589 4296 iffi&
607 4221 628 4264 a
649 4220 725 4286 rege
749 4197 904 4265 Navariae
927 4199 963 4263 in
985 4198 1129 4286 quodum
1151 4217 1326 4286 congressu
1347 4195 1576 4283 triumphavit,

439 4298 560 4350 Navarre.

641 4526 713 4576 ¹aaa
730 4562 737 4578 .
754 4563 762 4578 .
779 4563 786 4576 .
805 4523 991 4592 mummulus]
1011 4523 1051 4576 On
1075 4539 1108 4576 an
1186 4525 1299 4575 ‘terim
1316 4561 1323 4576 .
1341 4563 1349 4576 .
1366 4561 1373 4575 .
1391 4523 1543 4590 impotentes]
1563 4523 1604 4575 On
1621 4538 1654 4582 an

607 4619 715 4658 cmnre.
1152 4618 1261 4656 emuna.

640 4682 854 4752 *comeam
906 4683 1108 4744 clandestinum,
1185 4682 1320 4750 ’cicitnj
1351 4683 1383 4733 In
1410 4683 1442 4735 B.
1455 4682 1486 4735 C.
1514 4683 1537 4732 is
1565 4683 1656 4743 added,

607 4765 664 4817 MS.
1152 4763 1342 4815 londoniarum

642 4847 652 4876 ⁸
668 4843 827 4912 lucdunum]
846 4845 1005 4910 Lngdonnm,
1015 4843 1072 4896 MS.
1187 4842 1400 4912 'impertitad
1413 4841 1654 4909 inungendus
