4242 6159
564 1068 628 1133 :366
694 1082 859 1135 nemum
882 1080 1092 1136 amuranus
1114 1084 1279 1137 srsronu
1301 1086 1500 1141 arenosus.
1600 1066 1603 1073 ’

395 1268 463 1322 Μ).
476 1274 548 1321 12³4.
562 1259 721 1325 dixerunt
745 1261 862 1342 eidem,
880 1260 1052 1327 “Domine
1074 1282 1142 1342 rex,
1159 1244 1298 1329 dicimus
1320 1262 1417 1331 vobis
1438 1274 1478 1333 ut
1499 1264 1613 1332 fideles

561 1364 675 1445 vestri,
705 1363 794 1451 quod
826 1364 1010 1445 consilium,
1052 1387 1118 1454 quo
1156 1386 1245 1433 nunc
1282 1368 1426 1447 utimini,
1462 1391 1530 1436 non
1562 1375 1612 1437 est

561 1488 679 1532 sanum
708 1468 763 1533 vel
793 1489 954 1551 securum,
994 1466 1074 1535 sed¹
1109 1468 1181 1535 Deo
1220 1470 1396 1558 displicens
1428 1477 1462 1539 et
1494 1474 1631 1541 canoni.

561 1575 674 1636 sancto
712 1569 923 1653 dissonum;²
961 1570 1090 1638 crudele
1129 1577 1163 1638 et
1200 1574 1419 1661 periculosum
1453 1576 1547 1643 vobis
1578 1582 1631 1643 et.

561 1695 663 1761 reguo
685 1674 826 1763 Angliae,
841 1680 885 1755 et,
899 1679 940 1741 ut
963 1676 1199 1763 exprimamus,
1226 1675 1318 1743 Petri
1341 1679 1496 1745 videlicet
1518 1680 1631 1751 Win·.

561 1776 721 1843 toniensis
751 1778 903 1865 episcopi,
935 1782 970 1844 et
1002 1775 1094 1845 Petri
1126 1776 1167 1845 de
1192 1778 1335 1847 Rivallis
1358 1786 1394 1849 et
1416 1784 1612 1871 complicum

561 1880 722 1948 suorum.''
768 1880 814 1947 Et
843 1904 920 1949 cum
949 1880 1017 1947 ad⁸
1045 1882 1108 1948 hoc
1138 1884 1282 1950 rationes
1312 1884 1456 1954 efficaces
1478 1888 1646 1957 addide-.·

561 1990 648 2064 runt,
665 1986 701 2051 in
724 1984 882 2051 sermonis
905 1985 971 2052 fine
991 1985 1224 2069 conectebant,
1247 1989 1418 2075 quodnisi
1440 1990 1482 2055 ab
1506 2012 1630 2058 errore.

560 2092 691 2177 incepto
720 2110 782 2155 rex
810 2089 909 2154 citius
939 2089 1123 2168 desisteret,
1156 2093 1190 2156 et
1221 2112 1294 2157 cum
1334 2092 1488 2159 fidelibus
1517 2094 1787 2181 regnirforma,

560 2182 612 2261 sui
634 2192 768 2281 pacifice
791 2198 1008 2279 componeret,
1024 2193 1096 2287 ipse
1117 2192 1340 2262 incontinenti
1362 2218 1437 2262 cum
1460 2198 1631 2267 omnibus.
1652 2216 1774 2282 ccRog.

561 2297 618 2385 qui
641 2298 780 2363 aderant
802 2296 959 2383 praelatis,
981 2297 1017 2361 in
1041 2297 1243 2385 praedictos⁴
1266 2301 1466 2367 sententiam
1489 2302 1634 2381 ferrent,
1668 2284 1764 2403 {7⁰3²ss

562 2400 920 2480 excommunicationis,
943 2402 1035 2466 etin
1057 2423 1172 2468 omnes
1195 2402 1277 2470 alios
1300 2406 1400 2491 hujus
1422 2406 1513 2493 pacis
1536 2430 1632 2475 cou-·
1697 2388 1702 2400 ⁸
1769 2390 1775 2403 ⁸

392 2523 523 2589 Thektng
563 2506 758 2572 tradictores
781 2511 816 2570 et
842 2505 1023 2572 concordiae
1045 2527 1261 2592 perversores.
1307 2506 1382 2574 Rex
1403 2515 1516 2576 autem
1538 2513 1778 2598 PiUS·R.wenu.

392 2592 701 2723 ffissffiaudiens
717 2608 891 2674 consilinm
906 2608 1128 2697 praelatornm,
1144 2608 1314 2676 humiliter
1330 2614 1509 2701 respondit,
1524 2615 1613 2702 quod
1652 2608 1686 2661 iv.
1700 2616 1758 2663 ess.
1883 2622 1889 2653 ⁴

392 2726 491 2776 chester
501 2727 552 2775 ano
563 2712 706 2780 consiliis
732 2734 844 2778 eorum
874 2713 909 2778 in
937 2710 1091 2779 omnibus
1122 2719 1369 2802 optemperaret
1416 2716 1516 2785 Unde
1539 2724 1614 2806 post

391 2792 682 2911 ξῇζᾞζέθραιιοοε
712 2816 782 2882 dies
811 2816 982 2904 proprium
1011 2816 1199 2905 intelligens
1233 2840 1385 2899 errorem,
1415 2822 1615 2909 poenitentia

392 2926 524 2981 tteeourc
563 2922 682 2988 ductus
704 2920 746 2987 de
769 2917 882 2999 more,⁶
903 2921 1061 3007 praecepit
1083 2920 1192 3003 Pctr0,
1210 2922 1434 2989 Wintoniensi
1457 2926 1614 3014 episcopo,

561 3030 601 3091 ut
618 3046 757 3113 pergens
780 3023 824 3089 ad
847 3022 1076 3111 episcopatum
1098 3046 1196 3090 suum
1217 3026 1304 3091 curis
1327 3027 1517 3093 intenderet
1541 3029 1613 3094 ani·

559 3150 698 3209 marum,
733 3133 767 3193 et
799 3127 840 3192 de
873 3131 983 3192 cetero
1013 3128 1114 3214 regiis
1148 3128 1293 3215 negotiis
1326 3150 1394 3194 non
1428 3130 1611 3199 interesset.

560 3232 658 3298 Petro
689 3232 792 3296 etiam
822 3230 863 3295 de
893 3229 1042 3307 Rivsllis,
1076 3230 1169 3316 cujus
1208 3230 1334 3318 Anglia
1367 3236 1441 3298 tota
1471 3236 1611 3301 nutibus

559 3334 759 3422 subjacebat,
776 3340 824 3413 ut,
840 3333 980 3399 redditis
1003 3333 1067 3401 sibi
1086 3334 1227 3400 castellis
1244 3326 1327 3416 suis,
1344 3340 1379 3401 et
1400 3337 1612 3405 ratiocinium

560 3440 600 3505 de
614 3438 779 3505 thesauris
800 3437 1025 3504 incontinenti
1042 3437 1195 3504 redderet
1218 3444 1252 3504 et
1273 3461 1294 3503 a
1316 3439 1409 3504 curia
1423 3441 1610 3524 recederet;

559 3543 726 3611 affirmans
749 3563 823 3607 cum
841 3540 1042 3626 juramento,
1066 3540 1163 3627 quod,
1187 3541 1253 3607 nisi
1279 3542 1495 3610 beneficiatus
1519 3548 1611 3613 etin
1635 3532 1643 3545 ⁹

561 3652 684 3712 sortem
705 3644 896 3711 clericorum
918 3643 1035 3710 fuisset
1058 3643 1231 3724 admissus,
1251 3646 1399 3733 graviter
1421 3646 1458 3712 in
1480 3636 1640 3738 corpore,¹
1720 3646 1727 3659 '

389 3752 516 3805 nereum
561 3751 743 3839 puniretur.
788 3748 1000 3815 Pictavenses
1030 3748 1166 3836 insuper
1195 3770 1316 3827 omnes,
1347 3755 1419 3815 tam
1450 3750 1491 3818 de
1522 3756 1631 3831 curia,

390 3820 524 3937 ffiffi,
562 3876 622 3920 sua
643 3874 743 3939 quam
773 3852 814 3917 de
844 3856 1027 3918 castrorum
1056 3848 1247 3939 praesidiis⁶
1277 3852 1454 3941 expellens,
1485 3858 1612 3923 remisit

390 3954 494 4004 athen
561 3958 595 4022 in
620 3956 762 4044 patriam
786 3978 889 4034 suam,
904 3956 1097 4043 praecipiens
1120 3961 1160 4021 ut
1181 3956 1270 4022 ultra
1291 3955 1407 4023 faciem
1430 3980 1523 4027 suam
1545 3982 1613 4027 non

391 4028 504 4087 country.
588 4061 595 4075 ,
894 4057 901 4074 ,
1140 4058 1147 4072 Ι
1263 4060 1270 4074 .
1403 4058 1409 4075 ι

391 4113 533 4178 Somepre-
562 4060 724 4127 vrderent.
770 4059 821 4125 Ac
851 4059 970 4124 derude
999 4080 1068 4137 rex,
1092 4081 1151 4145 qur
1182 4059 1289 4124 modis
1321 4061 1476 4127 omnibus
1500 4085 1612 4150 pacem

391 4182 506 4232 lacerare
562 4164 706 4242 sitiebat,
723 4163 817 4228 misit
839 4161 1080 4240 AEdmundum,
1104 4160 1378 4229 Oantuariensem
1404 4164 1551 4244 electum,
1575 4168 1630 4243 in,

390 4255 549 4379 ffiffpffioe
562 4268 655 4353 cujus
676 4265 774 4331 labiis
796 4264 918 4330 diffusa
946 4265 1013 4331 fuit
1040 4264 1151 4352 gratia
1181 4266 1335 4331 omnibus
1365 4267 1555 4335 favorabilis
1577 4275 1631 4346 et,

390 4379 521 4432 withme-
560 4395 597 4437 m
619 4369 763 4436 consiliis
792 4368 933 4434 salubris
964 4365 1114 4447 efficacia,
1148 4390 1222 4433 cum
1257 4370 1416 4458 episcopis
1444 4370 1631 4452 (teanensi,

390 4450 547 4566 {flffllffld
560 4479 595 4541 et
633 4472 769 4539 Rofensi
802 4472 839 4536 in
875 4470 1039 4552 Walliam,
1069 4472 1112 4537 ad
1147 4471 1320 4539 Leolinum
1354 4477 1388 4538 et
1423 4473 1610 4557 Ricardum,

391 4582 539 4634 Mareschsl.

700 4630 1090 4638 —-———.-.-.--.——.——
1531 4636 1603 4641 -ε,

592 4726 599 4755 ¹
617 4722 673 4788 red]
700 4722 735 4772 So
756 4721 858 4772 written
880 4730 906 4772 at
928 4721 992 4785 first,
1014 4724 1061 4772 but
1140 4723 1149 4752 ⁴
1167 4724 1192 4771 in
1199 4722 1344 4791 predictos]
1358 4724 1436 4777 Onon
1447 4740 1554 4787 erasure,
1563 4730 1612 4779 and

557 4802 704 4855 afterwards
714 4803 801 4852 crased
811 4803 846 4866 by
856 4802 970 4852 misuka.
1107 4818 1134 4853 so
1147 4818 1210 4854 corr.
1223 4804 1250 4852 in
1262 4818 1340 4871 marg.
1381 4814 1383 4823 ⁴

591 4886 601 4914 ²
617 4882 674 4932 Deo
692 4920 757 4935 ....
777 4882 912 4949 dissonum]
927 4884 1021 4933 Added
1033 4884 1060 4933 in
1138 4886 1148 4912 ⁵
1165 4884 1240 4949 more]
1260 4900 1339 4946 moro,
1352 4886 1408 4937 MS.

558 4978 637 5029 marg,
1138 4962 1399 5030 ⁸proesidin]1nthe
1417 4969 1516 5035 margin
1536 4970 1557 5021 is
1577 4970 1614 5021 cel
1711 4984 1718 5001 ·

592 5046 602 5074 ⁸
618 5042 664 5108 od]
678 5043 771 5097 Added
782 5058 815 5093 on
827 5048 854 5096 to
866 5042 909 5094 the
920 5048 982 5095 text
1105 5054 1179 5109 custo,
1190 5048 1240 5112 i.e.,
1253 5048 1378 5099 custodiis.
