4242 6159
572 1005 637 1068 488
697 1019 862 1068 arsuram
885 1019 1098 1070 raarsmssrs
1119 1019 1284 1070 ursrosra
1304 1019 1503 1070 mororum

404 1199 756 1281 A=1)·¹24⁴·Hereford,¹
793 1207 827 1269 et
857 1201 1053 1268 Johannes²
1084 1201 1125 1268 de
1156 1201 1362 1281 Munemuto,
1392 1202 1541 1288 Rogcrus
1574 1199 1616 1266 de

403 1279 542 1400 3233ss
573 1307 731 1384 Musaue,
754 1312 788 1372 el
811 1305 869 1372 am
891 1305 1082 1373 marcham
1103 1310 1253 1393 menta
1286 1311 1323 1371 ec
1344 1305 1499 1392 praeoaa.
1549 1303 1616 1384 oui

572 1410 608 1476 in
638 1410 800 1498 principio
823 1410 1017 1476 deteriorem
1049 1407 1210 1474 calculum
1242 1414 1458 1496 reportantes,
1479 1408 1616 1474 tandem

572 1513 613 1578 de
644 1512 811 1599 aliquibus
841 1511 995 1591 hostium,
1025 1518 1066 1578 ut
1099 1511 1199 1578 moris
1233 1516 1291 1590 est,
1322 1511 1358 1576 in
1389 1511 1461 1577 olea
1490 1532 1617 1599 guerrae

571 1615 828 1704 triumpharunt.

654 1890 736 1975 Qum
758 1890 929 1958 monticlo
951 1889 1076 1976 recepit
1097 1913 1164 1971 rec,
1187 1889 1325 1977 quoodo
1340 1889 1418 1976 suit
1440 1887 1536 1976 opud

900 1993 1070 2062 Scortum
1090 1993 1279 2060 Albucium.

423 2158 539 2214 ritune.
617 2154 719 2219 Festo
741 2175 822 2219 vero
856 2152 963 2219 sancti
987 2154 1148 2221 Barnabae
1169 2154 1235 2219 fnit
1268 2153 1422 2219 dominus
1448 2174 1507 2218 rex
1528 2150 1618 2238 apud

403 2237 515 2357 effi,
572 2255 731 2322 Sanctum
754 2257 923 2322 Albanum
947 2257 1058 2324 triduo
1081 2278 1290 2322 commorans
1337 2256 1462 2343 Ibique,
1478 2255 1617 2320 rumori-

405 2369 559 2434 staluan’s,
571 2359 633 2424 bus
669 2359 946 2425 crebrescentibus
978 2359 1018 2425 de
1052 2359 1255 2425 Walensium
1288 2359 1471 2437 insolentis,
1503 2378 1617 2444 super·

402 2436 557 2557 ffissgfefflotn
574 2468 737 2527 venerunt
759 2467 794 2528 et
817 2462 881 2539 alii,
898 2463 1018 2547 quibus
1041 2463 1147 2550 magis
1168 2463 1375 2541 turbabatur,
1397 2460 1552 2527 videlicet
1575 2459 1617 2524 de

401 2570 534 2622 ornabere
575 2563 713 2629 Roberti
735 2563 917 2644 Passeleue,
941 2563 1048 2631 clerici
1062 2565 1115 2630 sui
1137 2565 1293 2653 specialis,
1308 2587 1405 2652 quem
1427 2584 1617 2652 promovere

401 2636 540 2756 meg
572 2673 795 2754 proposuerat,
820 2667 1006 2733 cassatmne.
1054 2667 1120 2747 Qui
1154 2668 1287 2753 quidem
1320 2668 1364 2733 ad
1396 2668 1618 2754 episcopatum

402 2769 557 2848 archicha-
574 2767 809 2835 cicestrensem
845 2770 967 2836 electus
1000 2769 1118 2851 fuerat,
1152 2776 1195 2852 et,
1219 2794 1257 2836 eo
1281 2776 1416 2848 cassato,
1438 2770 1523 2835 alter
1547 2767 1617 2834 loco

400 2843 525 2957 fflffl‘
572 2870 685 2958 ipsius,
701 2872 857 2938 videlicet
879 2873 1037 2959 magister
1053 2873 1214 2940 Ricardus
1236 2875 1277 2940 de
1291 2872 1390 2955 Wiz,‘
1407 2874 1460 2939 vir
1482 2872 1616 2959 quidem

573 2973 733 3057 idoneus,⁵
754 2975 825 3040 sine
858 2975 947 3063 regio
978 2997 1113 3042 assensu
1135 2976 1247 3043 subito
1271 2977 1381 3043 fuerat
1408 2977 1612 3064 subrogatus

574 3079 648 3144 Rex
669 3078 773 3166 igitur
794 3080 900 3144 iratus
923 3084 957 3144 et
988 3079 1112 3158 dolens,
1132 3101 1242 3168 preces
1276 3103 1352 3146 sues
1379 3079 1491 3146 irritas
1512 3078 1612 3143 fuisse

570 3187 604 3247 ct
643 3183 764 3262 inanes,
798 3203 879 3268 quas
912 3203 971 3268 pro
1004 3182 1209 3269 promotione
1241 3183 1381 3249 Roberti
1411 3185 1611 3269 porrexerat,

568 3283 724 3351 baronias
759 3285 1004 3372 episcopatuum
1029 3285 1197 3352 Ciocstriae
1227 3291 1263 3352 et
1284 3286 1420 3354 Cestrioe
1451 3285 1488 3351 in
1510 3307 1612 3350 manu

571 3409 631 3454 sus
663 3387 738 3452 ilico
767 3387 870 3474 jussit
901 3388 1006 3454 seisiri
1038 3392 1074 3455 et
1103 3387 1260 3454 retineri.⁶
1315 3389 1479 3456 Praeterea
1509 3388 1614 3469 alios,⁷
1623 3400 1668 3453 tol.
1679 3407 1728 3456 1³7
1741 3421 1767 3460 a.

600 3693 607 3722 ¹
626 3689 763 3756 Heresord]
783 3691 860 3744 Alter
871 3691 922 3743 this
933 3693 1004 3742 word
1014 3707 1067 3744 uss
1089 3701 1092 3763 Ι
1111 3709 1144 3743 on
1156 3707 1172 3743 a
1182 3693 1251 3758 pieoe
1262 3693 1392 3743 otvellum
1403 3696 1489 3759 posted
1497 3709 1558 3747 over
1566 3695 1610 3748 the

568 3772 649 3822 added
671 3771 698 3820 in
721 3771 764 3821 the
786 3771 893 3838 margin,
920 3779 944 3822 et
964 3769 1012 3822 clii
1037 3772 1068 3822 de
1088 3768 1091 3785 ¹
1111 3773 1219 3838 original
1236 3781 1297 3836 text,
1318 3773 1404 3824 which
1429 3777 1510 3838 made,
1529 3775 1609 3826 cubito

497 3853 499 3862 “
567 3849 689 3900 Marotio
711 3858 828 3916 patema,
851 3852 896 3902 but
921 3852 1067 3904 altercaris
1110 3851 1261 3919 eutrapetus.
1295 3853 1357 3904 Fuit
1372 3854 1608 3906 cutmitidmmo·

566 3931 660 3982 erased.
1109 3934 1184 4000 pitter
1205 3933 1343 3996 Martinus,
1366 3951 1443 4001 popoe
1467 3935 1610 3997 clericus,—

599 4013 609 4041 ²
620 4019 644 4061 et
654 4008 794 4077 Joltoaaea]
808 4010 918 4062 Written
929 4010 1066 4078 originally
1087 4040 1090 4051 ι
1110 4029 1178 4078 quea
1188 4011 1257 4062 malti
1266 4011 1414 4076 Mottiana,
1421 4023 1524 4082 propter
1539 4027 1610 4066 meat

573 4089 684 4153 Thorace,
694 4106 722 4141 as
733 4091 761 4140 in
777 4091 808 4141 B.
821 4091 859 4152 C,
876 4093 925 4143 and
936 4091 1067 4142 corrected
1087 4078 1089 4093 '
1110 4094 1271 4160 rapacitatem
1292 4101 1317 4144 et
1337 4094 1477 4145 aviditatem
1498 4094 1609 4162 appello»

565 4186 598 4223 on
618 4171 699 4235 aurp
716 4171 746 4221 or
758 4170 852 4221 venum
872 4173 960 4236 pastea
977 4174 1064 4222 suove.
1086 4140 1089 4219 l
1112 4171 1369 4241 tanr,-pro[s]ptu
1385 4183 1413 4224 ue
1428 4177 1502 4242 iquos
1514 4192 1611 4242 prm·

569 4251 624 4302 'lbe
641 4267 708 4301 reme
726 4251 904 4300 correctionis
921 4252 994 4302 mode
1011 4251 1066 4302 also
1111 4251 1182 4300 madi
1203 4252 1343 4314 redditibus,
1364 4262 1479 4319 lamnam
1498 4257 1610 4306 meanti·

566 4331 593 4380 in
607 4331 649 4381 the
660 4328 767 4396 margin.
802 4329 848 4382 See
865 4329 952 4395 Dugd.
963 4330 1065 4394 Boron,
1111 4329 1164 4394 tm,
1181 4331 1216 4381 cd
1230 4350 1291 4398 opos
1302 4350 1379 4399 papoe
1396 4351 1482 4385 maan
1497 4334 1609 4386 odam

564 4410 582 4461 i.
594 4416 650 4461 442.
1086 4446 1088 4457 .
1110 4411 1267 4478 in[J]r'ceret,
1278 4413 1366 4478 nearly
1378 4429 1406 4464 as
1424 4413 1452 4465 in
1469 4414 1501 4465 B.
1513 4415 1543 4466 C.
1555 4416 1608 4478 (ed

596 4489 760 4556 marcise]
780 4488 962 4552 amasus.
1085 4470 1088 4585 j
1110 4493 1226 4559 lump.
1239 4495 1308 4558 sas).

597 4573 606 4602 ⁴
629 4569 697 4636 Wiz]
726 4571 822 4632 Withz,
838 4571 870 4621 B.
882 4570 910 4622 C.
945 4571 977 4620 In
995 4570 1064 4624 God·
1143 4571 1293 4624 'Promea
1312 4571 1387 4640 alico]
1412 4575 1444 4626 In
1467 4576 1510 4627 the
1532 4576 1610 4628 lower

564 4649 622 4714 vin,
638 4650 892 4712 “nePraesniuus’·
909 4667 932 4715 p.
949 4656 1006 4712 505,
1023 4653 1061 4703 ed.
1108 4653 1208 4718 margin
1235 4670 1251 4705 a
1277 4663 1337 4706 note
1361 4655 1408 4706 has
1430 4658 1494 4708 been
1519 4659 1608 4719 added,

568 4735 639 4789 1743,
650 4731 683 4780 he
694 4729 716 4781 is
728 4731 818 4781 named
828 4731 871 4780 Dc
881 4727 907 4780 lc
922 4729 1000 4792 wer,
1012 4733 1063 4781 end
1108 4734 1158 4783 and
1180 4734 1325 4785 alternords
1347 4737 1441 4798 erased,
1460 4738 1506 4787 but
1523 4736 1607 4788 which

563 4810 730 4860 ssidtohsve
742 4811 804 4860 been
819 4811 882 4861 born
900 4808 1061 4873 ntWich,in
1108 4827 1155 4863 can
1182 4815 1214 4864 be
1243 4814 1393 4880 deciphcred
1429 4831 1458 4867 ac
1488 4817 1607 4868 follows:

564 4889 784 4942 worcestershire.
1083 4886 1257 4955 “‘Tsndem
1281 4894 1443 4947 matrimonio
1478 4897 1608 4962 prolocuto

595 4971 605 5000 ⁸
622 4969 732 5037 idoneas]
751 4973 872 5036 ydoneus,
884 4971 940 5023 MS.
1082 4934 1086 5041 l
1106 4972 1173 5023 inter
1189 4989 1262 5041 reges
1279 4975 1403 5037 faciendo,
1419 4978 1452 5027 de
1467 4977 1523 5028 lilio
1539 4977 1608 5043 regis

594 5048 697 5100 ‘subito
717 5086 744 5102 ..
763 5088 769 5102 .
787 5085 794 5102 .
812 5050 924 5116 retinen]
946 5049 1056 5102 Written
1107 5052 1203 5105 ὃωείω
1227 5055 1394 5120 primogenito
1416 5063 1442 5108 et
1465 5056 1519 5108 filia
1539 5056 1607 5124 regis
