4242 6159
259 2347 262 2360 ¹
340 2361 506 2424 nostrane.

259 4607 268 4642 V

667 1052 712 1100 nn
736 1052 894 1102 rnuroas
916 1053 1018 1104 essm
1041 1054 1196 1118 sermm,
1221 1057 1285 1105 vm.
1309 1056 1432 1106 resen.
1507 1043 1572 1106 209

517 1225 601 1291 catis
634 1248 801 1294 conserere
838 1229 1061 1318 Francigenis,
1097 1234 1133 1296 et
1163 1253 1223 1318 pro
1256 1233 1365 1318 patria
1402 1230 1565 1310 dimicem,
1584 1243 1654 1295 AD.
1668 1249 1740 1296 1215.

517 1335 681 1395 venerrmt
702 1331 886 1418 gaudenter
899 1333 943 1397 ad
965 1331 1053 1398 diem
1075 1333 1251 1420 praefixum
1265 1339 1300 1400 et
1321 1332 1438 1402 locum.
1483 1336 1568 1402 Cum

518 1431 638 1516 quibus
658 1433 776 1520 utique
798 1437 833 1498 et
855 1434 925 1521 ipse
948 1434 1087 1522 legatus,
1103 1457 1178 1500 cum
1199 1435 1276 1501 aliis
1296 1436 1391 1523 regni
1413 1437 1568 1524 praelatis,

517 1555 593 1598 cum
615 1535 708 1624 equis
730 1542 765 1602 et
790 1535 871 1601 viris
893 1536 1053 1602 bellicosis
1075 1539 1238 1624 apparuit,
1262 1543 1301 1604 ut
1323 1538 1394 1625 regi
1420 1539 1567 1606 inobedi-

518 1641 610 1702 entes
632 1642 667 1704 et
699 1637 832 1704 domino
853 1661 948 1726 papae
981 1639 1118 1705 rebelles
1139 1640 1290 1728 precibus
1314 1640 1567 1727 insequerentur

497 1743 552 1803 .et
586 1739 694 1820 armis,
726 1746 761 1807 et
794 1743 961 1808 sententia
981 1743 1331 1809 excommunicationis
1361 1744 1568 1813 coercerent.¹

380 2429 416 2476 ir.
431 2432 471 2481 19.

518 1841 666 1928 Cumque
680 1865 794 1910 omnes
808 1844 845 1910 in
860 1867 965 1910 unum
987 1844 1095 1911 forent
1109 1847 1308 1933 congregati,
1323 1846 1477 1911 recensiti
1492 1852 1571 1911 sunt
1584 1849 1700 1903 Amoune
1712 1854 1743 1904 of

517 1943 638 2010 milites
667 1943 778 2023 coacti,
804 1946 968 2013 balisterii
990 1969 1070 2014 vero
1093 1947 1195 2015 ferme
1219 1946 1283 2015 ceti.
1308 1949 1362 2029 l;
1393 1948 1572 2014 servientes
1583 1918 1731 2037 {1¹1¹}mess

516 2066 646 2133 quoque
660 2046 808 2136 equites,²
830 2051 889 2135 qui
910 2050 998 2116 vices
1012 2056 1169 2136 poterant
1184 2049 1361 2138 equitum³
1383 2050 1571 2137 adimplere,
1583 2051 1664 2130 otene

515 2149 776 2218 innumerabiles.
823 2152 991 2240 Principes
1007 2160 1120 2219 autem
1143 2154 1307 2220 exereitus
1328 2153 1465 2219 fuenmt
1487 2117 1672 2218 wil-m·

514 2249 631 2318 lelmus
664 2253 883 2332 Marescallus,
918 2259 952 2322 et
974 2255 1169 2335 Willelmus,
1203 2256 1294 2322 filius
1326 2254 1406 2341 ejus,
1441 2255 1571 2334 Petrus,

515 2354 682 2444 episeopus
712 2356 961 2436 wintoniensis,
996 2357 1201 2447 Ranulphus,
1232 2380 1340 2425 eomes
1377 2357 1568 2436 Castrensis,

519 2457 710 2538 Willelmus,
730 2481 836 2532 comes
859 2462 900 2527 de
923 2461 1091 2540 Ferrariis,
1109 2461 1305 2538 Willelmus,
1326 2482 1433 2528 comes
1459 2459 1568 2528 sares-

515 2559 676 2643 biriensis,
699 2562 893 2644 willelmus,
926 2585 1033 2629 comes
1053 2563 1276 2631 Albamarliae.
1331 2565 1510 2629 Affirerunt
1534 2569 1570 2628 et

515 2662 664 2746 barones,
687 2663 874 2731 Willelmus
908 2666 1031 2732 scilicet
1065 2665 1106 2732 de
1128 2667 1261 2745 Albeni‚
1296 2665 1468 2732 lohannes
1497 2665 1569 2732 Ma-

516 2767 677 2848 rescallns,
701 2767 887 2834 Willelmus
917 2769 958 2833 de
982 2768 1176 2856 Cantelupo,
1200 2775 1235 2835 et
1257 2767 1453 2847 Willelmus,
1482 2768 1571 2834 filius

516 2866 592 2954 ejus,
608 2870 750 2936 Thomas
766 2870 890 2949 Basset,
906 2872 1071 2937 Robertus
1094 2870 1134 2936 de
1150 2871 1389 2959 Veteri-ponte,
1406 2871 1571 2936 Briennus

516 2969 557 3035 de
591 2971 713 3050 Insula,
745 2972 925 3046 (laufridus
959 2973 1000 3038 de
1033 2972 1135 3059 Lucy,
1162 2972 1335 3059 Philippus
1368 2972 1409 3038 de
1438 2971 1569 3050 Albeni,

498 3073 686 3140 ·Faloasius
718 3097 793 3141 oum
819 3077 886 3142 suis
908 3075 1102 3154 castellanis,
1124 3075 1162 3140 in
1184 3095 1282 3162 opere
1312 3073 1433 3138 martio
1455 3075 1571 3160 peritis

497 3182 552 3242 .et
573 3177 726 3266 expertis.
772 3178 833 3244 Hii
865 3184 979 3245 autem
1011 3199 1123 3244 omnes
1155 3175 1245 3264 apud
1276 3176 1439 3242 Neuwerc
1464 3176 1570 3241 tridu-

518 3301 615 3345 anam
640 3303 768 3347 moram
801 3281 966 3363 iacientes,
988 3282 1032 3347 ad
1061 3279 1311 3368 respirationem
1340 3278 1512 3344 hominnm
1534 3283 1570 3344 et

519 3403 686 3470 equorum,
710 3385 969 3452 confessionibus
1002 3385 1140 3451 hortatu
1168 3383 1383 3471 praelatorum
1404 3379 1570 3447 vacabant

518 3490 553 3550 et
574 3485 798 3568 orationibus;
820 3488 961 3574 corporis
975 3508 1107 3574 quoque
1121 3491 1157 3552 et
1171 3485 1343 3573 sanguinis
1357 3483 1482 3551 Christi
1496 3505 1569 3571 per-

497 3589 668 3676 ·ceptione
702 3611 770 3656 sese
807 3594 924 3656 contra
959 3589 1132 3656 hostilium
1164 3588 1389 3655 incursionum
1425 3585 1570 3674 perimis

497 3690 722 3773 muniebant,
745 3697 785 3757 ut
817 3695 927 3758 essent
946 3692 1179 3790 promptiores,
1214 3690 1434 3779 expeditiores
1456 3696 1490 3757 et
1512 3711 1570 3754 au-

497 3793 661 3860 ·daoiores
694 3789 754 3881 pro
785 3795 918 3860 insonte
950 3815 1026 3882 rege
1058 3801 1094 3860 et
1124 3793 1230 3861 natali
1263 3794 1371 3882 patria
1402 3793 1486 3858 mori
1515 3792 1569 3858 vel

356 4094 400 4144 sol.
417 4097 463 4142 102
472 4109 498 4143 c.

346 4225 505 4294 Rog.Wend.

371 4297 406 4345 ir.
421 4301 460 4346 19.

516 3895 729 3984 triumphare.

671 4085 818 4174 Locutus
838 4085 885 4153 cd
907 4092 1076 4152 certarnen
1097 4107 1212 4153 menes
1232 4085 1418 4154 achaea.

563 4210 707 4299 Legatos
729 4218 840 4277 autem
864 4233 977 4278 omnes
998 4211 1042 4277 ad
1065 4217 1233 4278 certamen
1254 4216 1294 4276 nt
1316 4210 1476 4276 efficacius
1498 4209 1569 4274 ani-
1581 4217 1671 4271 Mareh
1681 4227 1709 4272 01

517 4319 632 4394 maret,
646 4314 755 4401 ipsum
776 4313 1018 4404 L[odowicum]
1042 4314 1241 4381 nominatim
1261 4311 1568 4391 excommunicavit,
1580 4287 1721 4422 &525⁸

516 4419 553 4480 et
572 4422 689 4502 postea
720 4438 832 4483 omnes
864 4417 935 4502 ejus
969 4417 1142 4504 complices
1164 4420 1199 4482 et
1229 4416 1383 4496 fautores,
1407 4415 1663 4502 praeoipuevsrds

517 4539 580 4596 ⁰⁰⁸»
603 4518 663 4606 qui
694 4525 808 4586 ⁰011l1'a
837 4541 949 4608 regem
980 4520 1069 4608 apud
1100 4519 1306 4585 Linoolniam
1338 4518 1471 4584 fuerant
1492 4488 1696 4582 con-Lim·

552 4751 559 4781 ¹
576 4750 723 4817 coercerent]
761 4751 929 4814 eohereerent,
952 4753 1018 4816 MS,
1066 4749 1181 4812 trauain
1190 4751 1232 4802 W.
1241 4750 1272 4800 B.
1283 4751 1321 4812 0.,
1332 4750 1378 4801 bnt
1388 4757 1412 4799 et
1421 4750 1567 4800 warns

521 4830 571 4885 end
581 4831 664 4881 added
674 4831 702 4880 in
713 4846 792 4896 marg.
804 4831 865 4881 with
876 4832 947 4883 three
963 4846 1018 4896 pre·
1065 4830 1217 4896 expunoted,
1228 4829 1280 4880 end
1289 4829 1410 4895 pardnlly
1419 4830 1514 4880 enred.

521 4908 595 4960 rious
605 4911 696 4961 words.
1099 4909 1236 4975 'quim
1256 4909 1349 4960 Added
1359 4923 1393 4959 on
1404 4908 1483 4960 tothe
1493 4913 1557 4960 text.

551 4989 561 5019 ²
572 4988 677 5054 equites]
696 4989 734 5041 At
744 4989 799 5041 first
809 4990 908 5043 written
921 4998 944 5042 et
954 4991 1018 5056 equi·

611 5097 688 5152 VOL.
713 5099 748 5149 II.
1413 5100 1435 5147 0
