4242 6159
637 1022 681 1086 92
765 1033 933 1083 usurum
955 1032 1169 1083 numerarem
1192 1032 1354 1084 ulsinum
1376 1034 1577 1085 annnorum

636 1300 687 1367 Dc
700 1298 876 1369 discordia
888 1306 966 1367 ato
988 1299 1081 1366 atter
1102 1320 1192 1386 reyes
1205 1300 1424 1369 Francorum
1439 1309 1469 1369 et
1483 1301 1690 1389 Aaglorum.

465 1474 533 1526 Ab.
554 1478 625 1525 1202,
681 1449 781 1515 Anno
812 1450 928 1537 gratiae
965 1462 1137 1515 u⁰.cc⁰.11⁰.
1171 1471 1232 1515 rex
1265 1450 1449 1537 Anglorum
1481 1450 1505 1516 J
1509 1450 1687 1540 [ohannes]
1701 1466 1869 1533 linguent,

466 1566 538 1617 John
546 1567 624 1631 keeps
635 1553 815 1620 celebravit
844 1552 967 1618 Natale
990 1552 1127 1617 Domini
1153 1553 1241 1639 apud
1264 1554 1519 1640 Argentomium
1541 1555 1578 1619 in
1600 1554 1689 1621 Nor·
1726 1535 1764 1586 iii.
1777 1540 1840 1588 ¹⁶⁷·

466 1634 608 1766 {ibim
634 1657 776 1722 mannia
822 1655 873 1731 Et,
893 1656 931 1721 in
957 1654 1238 1743 Quadragesima¹
1263 1662 1421 1744 sequente
1453 1657 1607 1724 habitum
1638 1664 1690 1725 est

465 1773 518 1817 tan.
633 1760 831 1846 colloquium
853 1761 942 1825 inter
971 1780 1065 1845 reges
1096 1760 1289 1845 saepedictos
1318 1760 1421 1846 juxta
1450 1760 1623 1826 castellum
1647 1762 1687 1827 de

465 1876 584 1955 Anouer
634 1861 802 1945 Guletun3
829 1862 889 1927 ubi
911 1884 972 1928 rex
1004 1859 1208 1927 Francorum
1231 1870 1347 1928 contra
1368 1885 1479 1952 regem
1505 1863 1690 1951 Anglorum

463 1950 577 2060 ᾖῇᾚ
632 1965 767 2032 mortali
798 1969 946 2030 armatus
977 1965 1052 2031 odio
1086 1966 1242 2053 praecepit
1272 1966 1499 2053 indignanter,
1530 1968 1690 2053 quatinus

464 2076 551 2141 Philip
562 2076 612 2125 and
632 2069 852 2135 incontinenti
881 2067 1035 2133 redderet
1062 2066 1222 2145 Arthuro,
1253 2068 1364 2133 comiti
1397 2068 1590 2149 Britanniae,
1613 2072 1689 2135 uni-

463 2143 601 2260 ffffisssse
634 2194 744 2237 versas
777 2184 882 2236 terras
912 2192 995 2256 quas
1026 2171 1163 2235 tenebat
1194 2169 1230 2234 in
1263 2170 1416 2257 partibus
1447 2173 1686 2250 transmarinis,

463 2275 624 2326 remuneror
632 2274 873 2340 Normanniam
894 2272 1057 2351 videlicet,
1074 2272 1279 2351 Turonicam,
1303 2273 1535 2361 Andegaviam
1556 2280 1592 2339 et
1615 2274 1687 2340 Pic-

463 2343 619 2461 ffiri'ffi
632 2376 766 2442 taviam.
811 2374 985 2461 Multaque
1008 2375 1074 2440 alia
1096 2376 1208 2462 exegit
1230 2374 1273 2441 ab
1299 2397 1346 2453 eo,
1374 2398 1449 2462 quas
1472 2398 1532 2441 rex
1561 2376 1685 2463 anglo-

630 2502 704 2546 rum
727 2501 761 2544 se
782 2477 920 2543 minime
934 2478 1100 2543 facturum
1122 2477 1303 2564 respondit.
1350 2478 1469 2565 Itaque
1485 2478 1686 2565 colloquium

631 2604 706 2648 cum
725 2602 891 2647 successus
912 2601 980 2645 non
1001 2580 1147 2659 haberet,
1164 2580 1218 2645 die
1233 2582 1385 2666 sequenti
1406 2603 1467 2646 rex
1483 2582 1685 2647 Francorum

464 2699 552 2765 Philip
631 2686 742 2751 subito
757 2684 856 2750 irruit
876 2683 914 2748 in
936 2683 1106 2749 castellum
1130 2682 1171 2747 de
1187 2682 1361 2749 Butavant
1383 2684 1595 2761 truculenter,
1610 2705 1685 2749 cum

463 2767 591 2884 &iffi
630 2791 758 2875 impetu
780 2787 927 2867 militari,
944 2792 978 2851 et
999 2785 1084 2850 illud
1098 2784 1265 2851 solotenus
1288 2785 1463 2851 subvertit.
1510 2786 1596 2851 Inde
1611 2809 1686 2874 pro·

464 2900 593 2953 Butavant
630 2892 790 2981 grediens,
814 2892 903 2978 cepit
925 2890 962 2954 in
976 2910 1078 2953 manu
1101 2888 1180 2953 forti
1202 2888 1317 2952 villam
1340 2888 1381 2953 de
1397 2888 1495 2975 Angi,
1520 2910 1596 2954 cum
1618 2912 1685 2955 cas-

464 2969 619 3020 ²¹¹⁶⁰t¹¹⁸n⁸
629 2996 710 3061 tello
725 2995 766 3061 de
788 2993 901 3071 Liuns,
924 2998 958 3057 et
988 2991 1055 3057 alia
1084 2989 1220 3056 castella
1246 2990 1449 3076 quamplura
1500 2991 1684 3059 Castellum

630 3120 709 3164 vero
744 3098 784 3163 de
815 3097 993 3183 Radepunt
1026 3116 1085 3181 per
1116 3093 1186 3157 dies
1219 3093 1302 3158 viii0.
1335 3094 1473 3172 obsedit,
1507 3094 1575 3175 sed,
1606 3118 1683 3182 rego

631 3202 816 3289 Anglorum
847 3198 1109 3285 superveniente,
1131 3196 1266 3262 recessit
1297 3195 1459 3263 confusus.
1505 3196 1586 3263 Post
1611 3198 1683 3265 dies

631 3310 743 3370 autem
766 3322 893 3389 paucos,
909 3301 951 3365 ed
974 3298 1113 3383 Gurnay
1136 3298 1309 3376 convertit,
1326 3305 1361 3365 et
1375 3300 1539 3366 confracto
1563 3306 1681 3389 stagno

630 3429 688 3493 per
701 3407 864 3491 impetum
886 3422 1055 3488 aquarum,
1070 3401 1251 3465 maximam
1271 3422 1439 3467 mmorum
1462 3408 1598 3490 partem,
1616 3425 1682 3490 qua
1694 3412 1862 3493 Rogwend.

630 3509 711 3574 villa
726 3506 928 3592 cingebatur,
944 3503 1126 3589 prostravit
1141 3528 1148 3583 ;
1172 3501 1263 3568 unde
1284 3502 1488 3589 fugientibus
1503 3506 1630 3571 cunctis
1645 3508 1683 3571 in
1722 3496 1761 3589 ‚¹¹¹¹
1776 3491 1834 3539 ¹⁶³·

629 3611 720 3676 villae
753 3607 907 3695 praesidio
943 3604 1172 3684 existentibus
1204 3604 1275 3670 sine
1306 3606 1395 3670 omni
1426 3608 1683 3674 contradictione

629 3734 690 3778 rex
712 3710 914 3775 Francorum
928 3706 1043 3771 villam
1066 3706 1216 3784 intravit,
1239 3710 1368 3772 etcum
1391 3708 1453 3773 sibi
1478 3709 1682 3797 subjugavit.

462 3823 612 3888 Hemigns
630 3817 861 3899 Reversusque
884 3810 1038 3887 Parisius,
1063 3809 1251 3874 Arthurum
1274 3810 1337 3875 sub
1352 3811 1521 3877 tutoribus
1543 3813 1682 3899 deputa-

462 3892 692 4008 ffiffissffivit,
720 3916 856 3981 tradens
886 3915 916 3979 ci
945 3913 1070 3977 milites
1101 3913 1258 3977 ducentos
1281 3913 1321 3977 de
1343 3935 1446 4000 regno
1470 3913 1682 3995 Francorum,

461 4025 562 4102 nahar
630 4022 689 4108 qui
719 4041 793 4086 cum
816 4018 874 4081 illo
896 4017 985 4080 irent
1010 4014 1177 4079 hostiliter
1206 4015 1242 4078 in
1265 4013 1457 4097 Pictaviam,
1488 4023 1528 4082 ut
1557 4018 1682 4085 bellicis

460 4099 562 4209 ¹12¹me
629 4121 871 4189 incursionibus
896 4117 1047 4206 regiones
1078 4116 1152 4183 illas
1175 4116 1323 4183 Arthuro
1346 4123 1500 4204 potenter
1526 4120 1681 4209 subjuga-

629 4232 711 4292 rent
758 4224 829 4288 Illis
860 4226 973 4287 autem
1004 4218 1186 4307 pomposo²
1215 4219 1365 4286 tumultu
1387 4223 1696 4310 progredientibus„

629 4329 825 4394 nunciatum
849 4331 899 4391 est
921 4325 977 4400 eis,
992 4323 1138 4409 reginam
1162 4322 1354 4388 Alienoram
1369 4324 1405 4388 in
1426 4324 1569 4404 castello,
1591 4326 1697 4411 quod,

630 4429 840 4496 Mirabellum
870 4426 1000 4505 dicitur,
1024 4444 1202 4511 paucorum
1231 4425 1390 4512 stipatam
1417 4427 1570 4512 praesidio
1593 4449 1696 4509 com-¹

629 4532 758 4599 morari.
804 4529 870 4610 Qui
885 4526 1050 4594 communi
1066 4526 1214 4611 omnium
1231 4527 1477 4606 deliberatione,
1492 4530 1544 4595 sui
1558 4530 1678 4596 furoris

629 4637 790 4723 impetum
812 4633 889 4697 illuc
911 4633 1152 4697 convertenmt.

662 4916 669 4946 ι
686 4909 893 4977 ρωὼψῑμα]
904 4904 1211 4970 nemausensibus.
1249 4910 1254 4971 Ι
1290 4907 1300 4937 ²
1309 4904 1434 4972 pomposo]
1454 4920 1574 4971 ponposo,
1586 4906 1642 4959 MS.
