4242 6159
551 1035 615 1098 202
676 1041 842 1100 usinum
866 1049 1267 1100 asa1s1ausrsn1snoa1s
1289 1049 1487 1101 morosum

381 1225 680 1291 A.D.1217.cuinam
714 1226 848 1292 domino
880 1225 1052 1292 honestius
1083 1247 1122 1291 ac
1152 1226 1351 1292 fructuosius
1385 1226 1616 1303 adhaererent„
1634 1244 1679 1295 fol.
1692 1250 1745 1295 101
1757 1263 1790 1296 a.

382 1333 525 1386 uariatior
544 1329 663 1414 Juveni
696 1329 850 1397 videlicet
881 1329 952 1418 regi
985 1327 1139 1407 Henrico,
1174 1351 1219 1394 an
1250 1329 1384 1396 domino
1416 1328 1596 1395 Lodowico.

381 1402 508 1520 ζξξξξεω
548 1431 728 1498 Habebunt
754 1433 844 1500 enim
869 1455 911 1499 ex
933 1432 1148 1521 Francigenis
1180 1433 1282 1500 talem
1304 1437 1501 1520 tantumque
1522 1455 1597 1499 con·

380 1535 464 1585 which
482 1537 536 1588 sice
547 1539 711 1625 temptum
736 1542 771 1601 et
793 1559 812 1602 s
834 1558 999 1616 converso,
1022 1537 1111 1623 quod
1141 1534 1242 1602 multi
1271 1557 1384 1602 eorum
1405 1536 1600 1602 consolatio-

379 1603 622 1722 {hdffimlduem
647 1661 716 1705 non
737 1639 950 1706 admiserunt.
1005 1639 1073 1720 Qui
1104 1639 1193 1705 enim
1227 1639 1368 1705 mendici
1394 1639 1616 1706 advenerant·

546 1748 580 1809 ot
603 1743 876 1830 contemptibiles,
909 1744 947 1808 in
980 1742 1084 1808 verba
1109 1742 1284 1830 jactantia
1315 1748 1350 1810 et
1381 1741 1614 1809 intolerabilis·

546 1846 710 1933 superbiae
732 1849 964 1936 prorupenmt
1009 1845 1119 1912 Auxit
1144 1850 1305 1934 praeterea
1337 1844 1437 1932 hujus
1469 1851 1615 1934 parim--

545 1949 690 2016 bationis
722 1950 908 2038 procellam,
931 1949 1020 2036 quod
1043 1949 1249 2029 Lodovvicus,
1271 1955 1381 2037 spreto
1406 1949 1597 2036 juramento

544 2075 612 2132 suo,
635 2059 748 2132 terras,
771 2055 991 2142 possessiones
1014 2059 1048 2119 et
1071 2053 1207 2119 castella
1237 2053 1426 2119 eorumdem
1457 2053 1597 2141 optima

544 2163 627 2237 tum,
643 2179 718 2244 quae
741 2179 854 2223 eorum
875 2157 1001 2222 auxilio
1024 2155 1208 2242 subegerat,
1223 2156 1290 2221 illis
1313 2156 1597 2222 murmurantibus

544 2264 578 2325 et
600 2259 737 2326 tandem
770 2259 880 2348 palam
911 2258 1178 2340 reclamantibus,
1201 2256 1239 2323 in
1263 2279 1357 2324 suam
1389 2258 1517 2345 redegIt
1538 2279 1596 2345 po-

543 2367 722 2444 testatem3
744 2383 870 2450 ponens
891 2361 929 2426 in
943 2361 991 2427 eis
1012 2361 1137 2427 milites
1158 2383 1236 2426 suos
1249 2366 1285 2427 et
1299 2361 1481 2428 servientes
1494 2361 1616 2426 ultra.

543 2465 696 2543 marinos,
719 2465 777 2552 qui
801 2463 1089 2531 abhominationes
1121 2463 1291 2530 inauditas
1324 2465 1362 2530 in
1392 2465 1615 2551 comprovin·.

544 2567 682 2633 cialibus
715 2573 939 2635 exercuemnt
995 2566 1161 2646 Ceterum,
1187 2573 1285 2655 turpe
1316 2567 1380 2634 sibi
1410 2568 1614 2647 videbatur„

543 2670 755 2736 inhonestum
789 2675 824 2738 et
856 2671 1059 2759 probrosum
1094 2671 1203 2758 ipsum
1238 2670 1465 2757 derelinquere
1497 2692 1613 2758 quem.

544 2795 602 2860 per
619 2773 819 2859 juramenta,
834 2779 941 2842 cartas
964 2779 1000 2840 et
1022 2774 1153 2840 obsides
1167 2778 1378 2840 attraxerant
1398 2775 1436 2839 in
1457 2796 1614 2862 regnum.

544 2877 685 2964 Angliae,
718 2883 754 2944 et
787 2878 890 2945 etiam
923 2877 1121 2945 fidelitatem
1153 2883 1188 2944 et
1217 2878 1410 2966 homagium
1441 2877 1615 2945 fecerant·

544 2979 662 3046 Multis
683 2986 805 3062 tamem
829 3003 911 3069 quos
941 2981 1143 3048 conscientia
1174 2980 1309 3068 propria
1339 3002 1399 3068 pro
1429 2983 1616 3048 sententia·

544 3081 914 3150 excommunicationis¹
931 3083 1112 3166 sauciabat,
1135 3082 1315 3150 videbatur
1334 3083 1447 3151 sanius
1469 3084 1539 3151 fore
1560 3090 1613 3151 et.

543 3187 721 3267 honestius,
742 3188 870 3254 insonti
901 3187 972 3275 regi
1003 3209 1042 3252 ec
1064 3187 1199 3252 domino
1225 3185 1382 3268 naturali,
1405 3192 1440 3253 et
1463 3209 1614 3255 omnem.

537 3289 706 3374 justitiam
731 3290 942 3378 promittenti
967 3289 1146 3371 adhaerere,
1168 3311 1268 3376 quam
1293 3290 1402 3357 alieno
1427 3288 1499 3377 jam
1520 3312 1614 3378 per..

537 3393 616 3479 juro
646 3400 681 3460 et
707 3393 936 3474 tirannizanti,
969 3397 1004 3459 et
1035 3392 1211 3459 manifeste
1242 3397 1323 3459 ante
1351 3393 1614 3481 plenitudinem.

542 3499 716 3586 potestatis
739 3497 870 3586 adeptae
900 3495 1086 3581 injurianti
1131 3495 1306 3575 Praeterea
1331 3498 1511 3584 perterruit
1539 3519 1612 3564 eos.

541 3600 754 3667 vehementer
783 3601 987 3668 vicecomitis
1023 3601 1065 3666 de
1102 3597 1218 3665 Melun
1249 3599 1412 3678 morituri,
1441 3606 1481 3666 ut
1510 3622 1612 3688 prm.

541 3703 748 3784 dictumest,
770 3703 929 3770 terribilis
949 3701 1116 3782 confessio,
1132 3725 1207 3789 quae
1224 3702 1297 3787 jam
1318 3703 1474 3790 apparuit
1493 3703 1612 3770 firisse.

542 3808 721 3875 verissima.
782 3807 837 3874 Sic
869 3806 915 3873 sic
947 3807 1054 3894 igitur
1083 3807 1173 3871 inter
1202 3805 1285 3871 duas
1313 3805 1417 3871 molas
1447 3807 1612 3887 autrici„

542 3933 637 3978 suam
663 3909 917 3998 cognoscentes²
942 3909 1117 3988 miseriam,
1141 3908 1253 3996 plures
1284 3908 1344 3995 qui
1370 3929 1504 3996 corpore
1525 3915 1611 3976 ste·.

542 4019 657 4081 terunt
687 4037 762 4081 cum
793 4013 978 4094 Lodowico,
1013 4011 1110 4079 corde
1146 4013 1217 4098 regi
1254 4010 1467 4080 adhaeserunt
1496 4012 1612 4081 inno·.

542 4121 641 4186 canti.

802 4317 853 4386 Da
875 4315 1022 4405 qaedam
1044 4315 1180 4404 impeta
1201 4336 1323 4384 wertse

402 4435 504 4531 eonn.
588 4467 716 4534 Eodem
747 4471 903 4553 tempore,
926 4465 1012 4531 xiiio.
1042 4463 1203 4531 kalendas
1230 4465 1413 4546 Februarii,
1436 4465 1591 4533 exierunt
1601 4471 1772 4540 Roawend.

376 4572 502 4650 sshegsr-
542 4569 583 4636 de
613 4575 723 4636 castro
756 4567 972 4634 Muntsorello
1006 4567 1130 4634 milites
1163 4573 1198 4634 et
1231 4568 1424 4650 servientes,
1457 4567 1516 4656 qui
1548 4590 1611 4635 ex,
1639 4542 1676 4595 iv.
1692 4549 1734 4599 ¹⁰·

374 4641 486 4757 ffinff
542 4679 637 4760 parte
667 4672 831 4739 baronum
855 4671 1048 4750 extiterant,
1071 4675 1112 4736 ut
1138 4670 1261 4737 scillcet
1282 4671 1405 4759 praedis
1426 4671 1611 4741 instarent·

375 4775 505 4910 ἓξὲξ-7
542 4781 578 4843 et
599 4776 733 4865 rapinis.
780 4777 877 4858 Quod
892 4797 967 4842 cum
988 4797 1047 4862 per
1070 4773 1294 4861 exploratores
1313 4797 1390 4841 suos
1409 4775 1533 4842 milites
1550 4775 1591 4841 de

560 5013 567 5043 ¹
579 5009 842 5078 excommunicationis]
852 5007 1029 5074 excbnis,MS.
1051 5005 1057 5076 Ι
1099 5007 1298 5078 Neomenias]
1319 5019 1525 5078 congnoscentes,
1535 5009 1593 5062 MS.
