4242 6159
470 3325 498 3453 *w

1203 1047 1304 1098 m:
1346 1046 1665 1096 Tmons
1705 1044 1913 1097 REGIS
1956 1044 2273 1108 nmmos,
2315 1044 2450 1097 vrz.
2490 1043 2736 1096 Tsnrn.
2896 1028 3031 1096 433

584 1358 727 1412 Λα).
757 1365 901 1412 1240.
926 1350 1026 1418 De
1072 1348 1501 1437 deploromda
1552 1346 1723 1415 ooede
1774 1345 2344 1415 Olcwdstianmum
2385 1346 2474 1413 in
2524 1346 2732 1414 Terra
2760 1348 3032 1416 Sancta.

586 1527 865 1646 {gatgghter
1019 1524 1212 1593 Circa
1254 1524 1433 1591 idem
1477 1529 1739 1611 tempus
1771 1522 2008 1588 Franci
2035 1522 2111 1587 in
2141 1521 2343 1587 Terra
2375 1520 2642 1601 Sancta,
2675 1522 2792 1608 qui
2836 1522 3036 1589 multi

587 1657 874 1715 cmm
927 1633 1000 1696 et
1040 1627 1294 1696 nobiles
1339 1634 1548 1705 erant,
1621 1627 1780 1693 dum
1828 1626 2201 1693 inconsulte
2253 1646 2404 1691 cum
2451 1624 2832 1691 San-scenis
2887 1648 3039 1691 con-

586 1728 746 1846 ¹12¹?
762 1729 903 1796 11on
926 1731 1376 1820 graderentur,
1418 1730 1585 1796 victi
1647 1735 1820 1808 sunt,
1884 1733 1953 1795 et
2012 1727 2207 1794 occisi
2267 1727 2466 1793 multi
2527 1731 2649 1793 aut
2682 1727 3032 1817 captivati.

732 1832 746 1848 '
927 1835 1030 1902 De
1075 1836 1261 1923 cujus
1314 1835 1411 1901 rei
1459 1834 1623 1899 serie
1674 1855 1794 1921 per
1836 1832 1954 1899 has
2001 1832 2229 1899 literas
2275 1830 2718 1898 certificamur
2744 1830 2786 1899 :¹

586 1995 673 2047 ¹⁸⁰1·
702 1998 798 2045 130
820 1991 866 2046 b.
999 2002 1216 2058 “Talis
1252 2000 1478 2057 amicus
1513 2000 1642 2066 tali,
1677 2000 1946 2057 salutem.
2022 1999 2259 2066 Sciatis,
2288 1999 2446 2073 quod
2482 2019 2677 2058 comes
2706 2000 3033 2059 Britanniae

927 2086 1068 2143 fecit
1125 2086 1455 2159 equitatum
1501 2102 1685 2140 unum
1745 2091 1881 2142 ante
1940 2084 2319 2149 Damascum,
2373 2090 2435 2140 et
2471 2086 2727 2157 sumpsit
2771 2088 3033 2158 praedam

925 2188 1216 2243 magnam,
1245 2176 1307 2226 et
1343 2171 1566 2226 salvam
1582 2167 1605 2201 ²
1640 2168 1917 2225 conduxit
1938 2169 2014 2224 ad
2038 2169 2377 2226 exercitum.
2447 2168 2567 2225 Sed
2601 2170 2712 2226 hoc
2734 2170 3001 2228 videntes
3017 2177 3038 2205 ³

925 2256 1263 2312 inviderunt
1303 2256 1360 2311 ei
1398 2272 1593 2310 comes
1637 2254 1709 2309 de
1747 2255 1908 2318 Bar„
1930 2271 2127 2310 comes
2155 2253 2228 2309 de
2266 2254 2654 2321 Monte-forti,
2700 2254 2817 2312 dux
2856 2257 3036 2313 etiam

928 2339 1328 2413 Burgundiae;
1375 2346 1435 2395 et
1470 2345 1606 2411 post
1644 2339 1794 2395 viii0.
1836 2337 1964 2394 dies
2002 2339 2270 2394 fecerunt
2311 2339 2495 2394 alium
2542 2340 2872 2412 equitatum
2911 2342 3037 2397 sine

930 2426 1174 2481 consilio
1204 2424 1437 2479 comitis
1462 2423 1804 2488 Britannias,
1851 2428 1912 2479 et
1947 2423 2170 2479 ibidem
2205 2424 2553 2479 interfectus
2579 2424 2697 2480 fuit
2732 2443 2927 2482 comes
2964 2427 3038 2483 de

873 2563 878 2574 ,
931 2511 1069 2573 Bar,
1097 2508 1368 2565 dominus
1395 2514 1591 2565 autem
1608 2509 1626 2539 ⁸
1660 2508 1864 2563 Simon
1887 2507 1961 2562 de
1987 2505 2413 2573 Claro-Monte,
2442 2507 2712 2565 dominus
2740 2510 2781 2565 J
2782 2512 3041 2570 ohannes

931 2593 1004 2650 de
1029 2594 1264 2659 Bai-res,
1304 2592 1573 2648 dominus
1609 2591 1904 2647 Robertus
1939 2590 2144 2657 Malet,
2187 2591 2479 2649 Ricardus
2516 2592 2590 2648 de
2628 2595 2942 2662 Beumunt‚
2981 2605 3043 2654 et

932 2679 1035 2735 alii
1094 2676 1491 2733 innumerati.⁵
1583 2676 2011 2733 Verumtamen
2076 2676 2347 2733 dominus
2420 2678 2775 2747 Almaricus,
2848 2701 3043 2739 comes

932 2762 1369 2828 Montis-sortis,
1398 2766 1603 2834 captus
1628 2761 1759 2825 fuit,
1802 2766 1861 2815 et
1896 2758 2111 2817 ductus
2148 2760 2211 2815 in
2246 2762 2649 2829 Babiloniam3
2692 2765 2811 2821 dux
2847 2773 3044 2823 autem

935 2848 1302 2920 Burgundiae
1352 2845 1654 2918 fugit.”—
1676 2848 1715 2873 ‘⁸
1735 2844 2035 2900 Praeterea
2055 2844 2077 2876 ⁶
2127 2845 2348 2913 sciatis,
2405 2846 2562 2919 quod
2615 2866 2720 2904 rex
2779 2850 3050 2907 anciae

933 2933 1153 2989 amovit
1189 2948 1421 2987 omnem
1456 2931 1800 2986 thesaurum
1836 2946 2008 2984 suum
2053 2947 2090 2983 a
2123 2930 2362 3002 templo,
2405 2931 2546 3003 quia
2581 2932 2902 3005 Templarii
2937 2953 3046 2991 nec

934 3017 1325 3089 Hospitalarii
1363 3015 1681 3073 voluerunt
1733 3015 1795 3069 in
1840 3014 1953 3069 hoc
2003 3015 2322 3071 certamine
2371 3015 2603 3087 juvare,
2653 3035 2762 3073 nec
2803 3019 3050 3089 juvari!

936 3103 1016 3158 Et
1050 3101 1271 3167 sciatis,
1313 3100 1471 3172 quod
1508 3099 1815 3171 sexaginta
1861 3098 2018 3170 capti
2067 3104 2206 3155 sunt
2238 3099 2382 3165 vivi,
2422 3106 2484 3155 et
2515 3105 2720 3172 postea
2753 3101 2816 3156 in
2851 3104 3050 3160 reditu
3123 3163 3135 3175 ,
3319 3128 3323 3135 „

941 3187 1143 3242 decem
1190 3185 1411 3241 milites
1458 3183 1702 3240 nobiles.
1780 3182 1950 3255 Capti
1986 3190 2126 3239 sunt
2172 3183 2351 3239 etiam
2401 3190 2464 3241 et
2513 3186 2695 3241 occisi
2746 3188 2922 3242 multi
2975 3188 3050 3243 de

943 3270 1292 3344 Templariis
1342 3276 1403 3325 et
1435 3267 1874 3342 Hospitalariis,
1911 3267 2244 3324 volentibus
2279 3267 2568 3325 redimere
2605 3271 2822 3327 famam
2857 3290 3045 3338 suam,
3126 3324 3132 3325 ff

943 3362 1006 3411 et
1038 3354 1317 3496 cafitivati
1334 3354 1354 3384 ⁸
1379 3359 1519 3411 sunt
1538 3353 1920 3425 magistratus
1951 3370 2156 3409 eorum
2192 3357 2255 3411 et
2288 3354 2483 3423 electi,
2509 3356 2821 3428 prostratis
2847 3373 3050 3413 eorum

944 3457 1075 3498 ven
1148 3439 1239 3496 s.’'

1015 3725 1029 3757 ¹
1065 3721 1419 3788 certificamur]
1459 3719 1646 3771 Added
1667 3735 1733 3771 on
1768 3725 1823 3770 to
1864 3720 1954 3771 the
2055 3720 2389 3787 Hospitallers
2409 3724 2510 3774 and
2532 3722 2794 3789 Templa-s
2807 3728 3058 3787 reversed,

947 3815 1073 3860 text,
2055 3801 2175 3862 viz„
2215 3806 2246 3831 ‘⁴
2267 3800 2505 3854 Vexillum
2527 3801 2860 3871 Hospitem-52⁹
2900 3807 3058 3871 gules,

1013 3891 1034 3921 ²·
1066 3887 1281 3953 ωιυαπι]
1300 3886 1377 3937 At
1398 3885 1508 3936 first
1529 3881 1732 3935 written
1752 3881 1956 3935 calmem.
2057 3896 2090 3932 a
2126 3896 2262 3934 cross
2333 3890 2528 3949 argent,
2597 3884 2698 3934 and
2772 3888 2804 3913 ‘⁸
2823 3884 3059 3936 Vexillum
3119 3884 3123 3946 Ι

1014 3970 1035 3999 ⁸
1070 3966 1310 4032 videntes]
1337 3965 1632 4017 Interlined.
2067 3960 2302 4027 Templi?
2338 3968 2487 4030 party
2522 3978 2612 4028 per
2632 3963 2747 4026 fess,
2782 3964 2926 4031 gules
2961 3967 3062 4018 and

1015 4049 1035 4078 ⁴
1067 4046 1252 4112 autern]
1293 4045 1407 4098 Om.
1430 4044 1494 4096 B.
1519 4044 1578 4097 C.
2059 4049 2254 4108 argent.

1019 4128 1040 4157 ⁸
1071 4126 1136 4177 In
1163 4125 1250 4177 the
1271 4124 1473 4190 margin
1504 4141 1588 4176 ure
1617 4126 1792 4177 drawn
1816 4125 1957 4176 three
2128 4123 2150 4152 ⁶
2170 4120 2446 4188 Proeterea]
2485 4121 2617 4173 This
2661 4123 2811 4174 latter
2845 4123 3064 4190 portion,
3130 4125 3155 4183 ,*

950 4207 1134 4260 shields
1185 4206 1246 4256 of
1291 4217 1438 4264 arms,
1494 4207 1742 4266 reversed,
1797 4206 1958 4255 above
2060 4215 2117 4252 ss
2139 4201 2219 4251 far
2239 4216 2295 4251 as
2319 4199 2575 4263 nobile-«ds
2605 4201 2842 4267 assigned
2857 4204 2914 4254 in
2927 4205 3064 4257 Rc.

951 4285 1124 4336 which
1158 4284 1204 4335 is
1239 4283 1440 4334 written
1475 4282 1529 4333 in
1563 4285 1667 4343 red,
1707 4288 1740 4313 ‘⁸
1760 4282 1961 4335 Senatum
2062 4288 2116 4331 to
2152 4295 2185 4331 a
2219 4280 2363 4331 letter
2402 4280 2533 4331 stom
2556 4281 2643 4331 the
2665 4284 2769 4333 eeu-l
2805 4284 2867 4336 of
2896 4283 3070 4335 Mont-

953 4367 1184 4416 victormn
1221 4363 1524 4415 stomoma
1571 4380 1666 4414 non
1699 4361 1879 4430 procul
1926 4378 1963 4413 a
2062 4360 2165 4411 fort
2203 4367 2257 4410 to
2292 4359 2374 4410 his
2407 4359 2539 4413 vise.
2610 4361 2708 4415 See
2729 4363 2809 4416 ed.
2833 4362 2998 4428 Wats,
3020 4381 3069 4430 p.

962 4444 1179 4496 Gazre.”
1246 4443 1359 4494 The
1374 4442 1563 4493 shields
1584 4458 1687 4503 are,
1716 4450 1760 4496 1.
1794 4447 1825 4473 ‘⁴
1846 4441 1963 4493 Da·
2065 4443 2183 4491 ⁵30.

957 4525 1165 4588 reim?
1184 4524 1344 4590 galee,
1365 4531 1467 4574 tvo
1487 4530 1733 4589 trumpets
1765 4524 1821 4575 in
1845 4523 1964 4588 pile,
2132 4523 2151 4551 '¹
2184 4536 2271 4570 nec
2279 4521 2485 4587 juvari]
2513 4521 2809 4574 Interlined.

958 4622 1044 4667 οη
1085 4610 1132 4656 2.
1158 4602 1293 4653 “De
1308 4602 1528 4664 Bam,”
1550 4604 1709 4669 gules,
1743 4619 1775 4655 a
1809 4617 1964 4664 crosa,
2135 4601 2156 4630 ⁸
2185 4600 2455 4667 captivati]
2497 4601 2801 4667 captivitati,
2826 4602 2938 4655 MS.

961 4686 1200 4744 cercelee,
1221 4697 1307 4743 οη
1344 4689 1391 4734 3.
1432 4681 1561 4733 “De
1594 4682 1763 4743 Bar,”
1798 4698 1967 4744 nure,
2134 4681 2155 4710 ⁹
2178 4682 2449 4746 prostratis
2469 4697 2629 4732 eorum
2654 4680 2867 4750 vexillis]
2890 4682 3076 4735 Added

961 4771 1063 4814 tvo
1107 4762 1307 4813 barbelo
1345 4762 1606 4824 addon-sed,
1650 4777 1723 4815 οι·.
1791 4763 1965 4813 Βεῐοπ
2068 4760 2121 4811 in
2145 4775 2307 4827 marg.

962 4844 1103 4895 these
1117 4857 1204 4894 are
1224 4844 1398 4894 drawn
1415 4841 1500 4894 the
1520 4843 1789 4895 sundal-ds
1810 4843 1871 4894 of
1884 4843 1969 4894 the

1141 5074 1293 5127 VOL.
1341 5075 1416 5126 11.
2670 5077 2712 5125 E
2762 5077 2807 5125 E

3155 4209 3159 4263 t

3157 4274 3159 4282 r

3360 4474 3376 4787 u
