4242 6159
584 1032 649 1097 386
704 1043 870 1095 MA'H'HAEI
892 1044 1105 1095 ramularum
1127 1042 1293 1095 HISTORIA
1314 1042 1519 1095 mesonma.

417 1226 487 1279 AD.
502 1232 705 1305 rasascopos,
728 1223 763 1285 et
783 1220 921 1285 fratrem
951 1218 1137 1285 Robertum
1163 1219 1205 1285 ds
1231 1217 1402 1297 Sansorde,
1433 1215 1634 1304 Magistrum

583 1321 714 1386 militiae
735 1321 872 1408 Templi,
894 1321 974 1387 illuc
996 1319 1199 1389 destinavit¹
1248 1320 1315 1401 Qui
1335 1319 1564 1387 favorabiliter
1585 1338 1636 1381 re-

584 1423 682 1511 cepti,
698 1445 760 1491 nec
781 1424 928 1511 aliquam
949 1423 988 1489 in
1005 1424 1168 1511 petitione
1188 1445 1249 1489 sua
1270 1424 1437 1511 patientes
1459 1420 1635 1511 repulsam,

584 1528 798 1591 memoratam
829 1526 974 1615 puellam
1003 1525 1184 1613 speciosam
1205 1530 1241 1592 at
1263 1530 1364 1593 atate
1394 1525 1461 1596 fere
1490 1522 1635 1591 duoden-

585 1649 662 1694 nem
695 1650 808 1695 versus
839 1627 999 1715 Angliam
1033 1628 1218 1716 gaudenter
1246 1628 1462 1693 reduxerunt.
1509 1625 1555 1691 Et
1583 1624 1635 1688 in-

587 1734 716 1796 trantes
745 1750 836 1795 mare
857 1730 895 1794 in
920 1736 1020 1817 portu
1050 1728 1220 1809 Sanu’ioi,⁹
1242 1729 1287 1795 ad
1316 1736 1452 1817 portum
1483 1727 1637 1794 Doveriae

417 1838 503 1891 Sheis
588 1853 740 1919 prospere
760 1838 988 1918 pervenerunt.
1033 1832 1080 1897 Et
1098 1831 1311 1899 cantuariam
1329 1831 1444 1898 venire
1465 1851 1639 1919 properan-

416 1906 561 2023 ffiffi
590 1934 691 2016 tibus,
724 1934 867 2001 occurrit
900 1957 980 2017 rex;
1003 1940 1048 2017 et,
1083 1934 1156 2001 visa
1188 1934 1301 2023 puella
1333 1934 1462 2021 sibique
1496 1936 1637 2018 acoepta,

417 2040 485 2104 bury
496 2041 548 2101 mu
591 2037 680 2125 apud
704 2035 920 2103 cantuariam
946 2038 1084 2103 eandem
1114 2035 1347 2127 desponsavit,³
1370 2035 1512 2102 officium
1533 2034 1638 2101 arohi-

415 2107 582 2240 sspfflng,
593 2126 741 2228 episcopo
764 2139 995 2207 Cantuariensi
1026 2138 1213 2221 Edmundo,
1244 2139 1343 2205 simul
1376 2161 1451 2205 cum
1481 2135 1639 2226 episcopis

592 2242 650 2330 qui
683 2242 889 2309 advenerant
918 2263 994 2308 cum
1027 2242 1099 2329 ipsa
1132 2242 1241 2329 puella
1271 2246 1306 2309 et
1339 2241 1422 2321 aliis,
1452 2242 1637 2328 peragente,

444 2352 546 2405 resen.
590 2342 674 2412 xix⁰.
696 2342 857 2409 kalendas
884 2343 1067 2410 Februarii
1114 2342 1369 2425 Quartodecimo
1391 2348 1504 2409 autem
1526 2342 1638 2407 kalen·

445 2448 546 2500 raom
591 2447 650 2513 das
672 2444 839 2532 ejusdem⁴
861 2446 957 2513 venit
978 2445 1133 2513 dominus
1154 2468 1216 2513 rex
1235 2446 1277 2511 ad
1297 2443 1637 2523 westmonasterium,

419 2554 547 2620 unque
591 2553 626 2616 et
648 2549 685 2613 in
706 2549 859 2628 crastino,
880 2548 1004 2615 scilicet
1026 2548 1081 2615 die
1103 2548 1287 2627 Dominiea,
1310 2548 1435 2615 ibidem
1458 2542 1555 2615 cum⁶
1576 2546 1638 2612 sol·

417 2622 572 2738 ῧᾜζῗῐ
590 2650 786 2738 lempnitate
822 2650 975 2716 inaudita
1003 2652 1154 2739 portavit
1186 2673 1247 2718 rex
1276 2672 1448 2728 coronam
1487 2656 1522 2715 et
1551 2668 1639 2715 coro-

417 2761 477 2805 Μ·
555 2812 558 2817 .
591 2759 673 2831 nata
693 2758 745 2819 est
766 2754 882 2840 regina
900 2753 1066 2821 Alienora
1112 2755 1158 2820 Et
1180 2753 1226 2820 sic
1248 2754 1446 2841 desponsata
1467 2752 1533 2818 fuit
1554 2751 1639 2817 Oan-

443 2875 476 2921 20
487 2868 552 2943 san,
591 2855 731 2938 tuariae3
750 2856 878 2943 nuptiae
893 2877 971 2923 vero
986 2855 1160 2923 celebratas
1175 2856 1366 2939 Londoniis,
1383 2856 1438 2922 die
1453 2860 1638 2923 sanatorum

592 2956 734 3024 Fabiani
756 2965 791 3025 et
813 2957 1011 3026 Sebastiani

750 3246 946 3335 Imperator
967 3245 1067 3315 mota
1083 3268 1153 3335 pro
1175 3246 1293 3315 comite
1315 3244 1475 3313 Ricardo.

421 3388 555 3509 253ss
635 3392 873 3462 Oonsumrnato
895 3400 1009 3461 autem
1034 3396 1160 3483 gaudio
1185 3396 1339 3483 nuptiali,
1363 3418 1422 3461 rex
1445 3395 1598 3462 recedens
1621 3418 1643 3460 a

422 3525 477 3575 aa,
487 3524 531 3575 the
590 3495 770 3564 Londoniis
791 3498 888 3564 venit
910 3498 1126 3579 Maratonam,
1150 3506 1190 3564 ut
1211 3498 1261 3565 ibi
1284 3500 1430 3565 revocati
1459 3504 1639 3586 magnates,

421 3591 547 3710 ἓξὲξ*
590 3599 707 3666 audito
727 3601 854 3667 recenti
883 3601 1093 3688 imperatoris
1122 3601 1290 3679 mandato,
1313 3623 1381 3667 una
1406 3622 1480 3667 cum
1502 3624 1578 3689 rege
1601 3602 1641 3667 ‘10

424 3722 540 3790 Menen-
591 3702 687 3790 regni
707 3703 851 3791 negotiis
873 3708 1127 3769 contrectarent.
1173 3704 1298 3770 Nuncii
1321 3704 1410 3770 enim
1434 3704 1476 3769 ab
1499 3704 1641 3793 impera·

422 3821 483 3923 dl?
479 3806 563 3924 einp->11¹
590 3806 665 3869 tore
697 3804 815 3871 directi
846 3804 891 3870 ad
922 3826 1034 3893 regem
1067 3806 1246 3885 venientes,
1281 3805 1388 3872 eidem
1426 3828 1500 3872 cum
1533 3807 1639 3873 literis

423 3954 500 4003 perot
590 3906 749 3972 mandata
778 3906 979 3988 detulerunt,
1010 3913 1049 3973 ut
1079 3908 1205 3974 scilieet
1234 3908 1386 3975 dominus
1416 3929 1475 3973 rex
1504 3908 1640 3975 fratrem

423 4008 572 4085 astireda-
590 4029 689 4074 suum
719 4008 899 4075 Ricardum
921 4009 965 4075 ad
990 4010 1100 4098 ipsum
1130 4010 1364 4097 imperatorem
1393 4010 1552 4077 mittere⁰
1573 4033 1641 4076 non

423 4074 547 4191 ffiffl
591 4110 749 4189 differret,
771 4116 811 4177 ut
836 4111 1012 4198 stipendiis
1041 4112 1268 4200 imperialibus
1298 4112 1458 4178 militaret
1487 4118 1642 4199 potenter

423 4205 556 4326 ffigffi
593 4234 692 4299 super
712 4234 822 4301 regem
840 4212 1064 4297 Francorum3
1084 4219 1119 4280 et
1133 4214 1204 4303 ipsa
1223 4214 1404 4302 imperator
1420 4215 1508 4281 vires
1530 4237 1641 4283 omnes

421 4344 550 4392 sentover

422 4404 525 4460 aua
626 4424 1093 4493 =a0sma1roerutsyusues
1138 4426 1645 4495 pmugaangonueamsngcos

592 4519 626 4555 on
638 4520 792 4558 mamare.
1138 4505 1184 4559 her
1202 4506 1272 4573 right
1286 4507 1362 4558 hand.
1396 4507 1489 4558 Above
1505 4506 1548 4559 tbe
1563 4507 1641 4559 beads
1681 4494 1690 4511 ⁶

625 4583 773 4652 ’δακωίσῆ
793 4584 1000 4637 Theletteruis
1016 4602 1095 4637 onan
1139 4602 1182 4637 arc
1193 4586 1259 4638 their
1269 4602 1357 4640 names
1366 4586 1552 4653 inredletters,
1564 4587 1640 4639 “Rex

593 4676 701 4715 erasure
723 4664 1095 4730 1nB.sansect,·c.,Sand-
1140 4664 1265 4717 Harum
1276 4664 1333 4719 111.
1367 4665 1513 4719 Alieaora.”

591 4744 656 4793 arici
675 4743 1094 4810 Theplaeeinundeciswioana
1173 4745 1310 4815 ‘ejusdem
1341 4746 1399 4801 une
1421 4748 1469 4799 last
1491 4746 1640 4815 syllableis

625 4823 1094 4891 'Intliamarginoppositwedrawn
1139 4826 1281 4878 interlined.

590 4902 1095 4973 tvotlgmesreprasentingtbekingin
1172 4906 1259 4973 ισπφιι]
1278 4904 1500 4974 Addedinmarg.

590 4980 637 5033 tha
654 4983 892 5052 actarapoming
909 4984 1042 5051 Alienon,
1059 4987 1095 5053 by
1173 4986 1296 5055 'amad
1316 4986 1538 5055 Addsdinmarg.
