4242 6159
585 1041 648 1102 182
709 1051 872 1100 immuni
897 1047 1112 1100 rnnrsrnusrs
1134 1045 1298 1098 ursronnt
1316 1045 1516 1096 munorum

418 1237 486 1288 An).
501 1236 572 1288 isis.
584 1227 646 1292 hac
667 1227 794 1294 forms:
811 1232 829 1262 “
845 1224 1129 1292 Excellentissimo
1142 1223 1277 1289 domino
1299 1243 1358 1289 suo
1374 1213 1630 1308 L[od0wico],”¹

585 1336 645 1396 etc.
700 1330 813 1418 Incipe
842 1329 878 1395 in
912 1329 1018 1416 primo
1053 1327 1176 1395 Rotulo
1209 1327 1341 1413 scripto,
1356 1325 1465 1400 linter
1496 1321 1653 1388 Rotulos.

586 1456 704 1521 parvos
742 1433 893 1522 magistri
925 1432 1109 1500 Alexandri
1148 1430 1191 1498 de
1228 1427 1415 1509 Suereford,
1448 1426 1555 1494 clerici
1593 1425 1654 1491 de.

586 1536 766 1606 sctacourio.2

655 1796 812 1880 Qualiter
842 1794 1049 1862 Lttdowt'ous
1078 1792 1259 1860 oricrttoles
1288 1780 1430 1878 ductim
1455 1797 1571 1880 crucies
1669 1782 1673 1790 ¹

1021 1897 1209 1965 vastaverit.

420 2055 576 2121 Heravages
633 2039 761 2106 Diebus
784 2045 897 2105 antem
920 2038 982 2104 sub
1005 2037 1129 2103 eisdem
1153 2036 1361 2110 Lodouuicus
1382 2037 1420 2100 in
1441 2034 1640 2102 fortitudine
1651 2034 1821 2114 Rogwend.

420 2124 576 2243 &mem
587 2144 682 2230 gravi
712 2163 827 2207 versus
858 2140 1053 2208 orientalem
1082 2140 1216 2227 Angliae
1244 2145 1373 2227 partem
1403 2138 1641 2224 equitationem
1677 2105 1793 2152 mm

587 2247 719 2326 faciens,
753 2245 850 2310 urbes
877 2251 911 2310 et
943 2245 1043 2310 villus
1072 2245 1114 2309 de
1146 2243 1293 2321 Estsexe,
1326 2247 1362 2308 et
1393 2241 1505 2308 Sufolc
1534 2248 1569 2308 et
1598 2243 1641 2308 de

589 2347 764 2414 Northfolc
794 2347 1027 2413 miserabiliter
1052 2347 1218 2434 spoliavit,
1250 2350 1285 2412 et
1316 2344 1489 2412 castellum
1515 2344 1640 2413 North-

423 2463 544 2514 Norwich
589 2451 664 2516 evici
690 2473 831 2516 vacuum
867 2451 1041 2537 reperiens,
1065 2450 1189 2515 ibidem
1219 2471 1295 2515 suos
1328 2448 1511 2514 constituit.
1556 2448 1641 2514 Tho-
1652 2449 1822 2538 afflone.

422 2531 500 2647 ἓξὲξ
511 2545 577 2646 {⁴5¹³OE
589 2575 741 2640 mamque
764 2553 805 2618 de
828 2554 948 2640 Burgo,
969 2553 1105 2618 fratrem
1122 2552 1269 2618 Huberti
1292 2552 1333 2618 de
1359 2551 1480 2638 Burgo,
1496 2551 1664 2638 ejusdem,
1688 2523 1803 2569 ΜΝ

381 2729 388 2742 ,
423 2634 534 2714 Thorius
546 2665 578 2714 se
589 2657 689 2723 castri
719 2656 939 2737 castellanum,
971 2657 1155 2744 fugientem
1178 2678 1254 2722 eum
1285 2655 1354 2721 suis
1387 2654 1662 2742 comprehendit„

423 2731 519 2796 Burgh.
589 2781 729 2846 eumque
751 2760 893 2825 vinculis
915 2759 1139 2847 mancipavit3
1172 2759 1308 2825 credens
1332 2763 1368 2824 et
1389 2763 1478 2824 certe
1500 2781 1661 2848 sperone„

591 2864 687 2949 quod,
715 2885 752 2929 eo
776 2869 882 2950 capto,
906 2863 1066 2950 quicquid
1099 2862 1259 2930 oustodiae
1281 2861 1428 2928 Huberti
1457 2862 1498 2927 de
1532 2861 1681 2949 Burgo„

590 2966 797 3032 commissum
828 2965 901 3043 fuit,
937 2965 1045 3033 eidem
1076 2965 1282 3052 quamtocius
1313 2965 1563 3054 manciparetur,
1586 2966 1680 3044 sed„

592 3090 659 3133 non
674 3069 829 3157 cognovit
844 3069 1066 3136 constentiam
1081 3075 1117 3136 et
1130 3069 1329 3136 fidelitatem
1343 3069 1449 3156 ipsius
1475 3066 1664 3145 Huberti.³,

592 3172 686 3258 Ipsae
708 3195 837 3260 quoque
859 3175 1009 3261 regiones
1027 3195 1140 3239 omnes
1162 3173 1224 3238 sub
1246 3174 1374 3240 tributo
1395 3173 1547 3238 tentoriae
1569 3193 1646 3237 eon·

425 3294 549 3362 Lynceis
591 3278 712 3344 stituit.
758 3277 814 3342 Ad
836 3277 952 3342 villam
975 3299 1105 3364 quoque
1127 3277 1170 3343 de
1192 3277 1262 3343 Len
1286 3276 1466 3342 exercitum
1488 3275 1646 3363 grandem

425 3365 508 3415 taken.
592 3381 739 3454 mittens,
769 3401 842 3444 cam
873 3380 937 3445 sibi
969 3380 1172 3467 subjugavit,
1202 3380 1358 3465 civesque
1387 3379 1538 3468 captivos
1567 3378 1647 3444 inde

592 3484 766 3559 abducens,
790 3484 834 3548 ad
863 3505 1000 3570 gravem
1030 3505 1086 3549 eos
1116 3483 1377 3570 redemptionem
1411 3484 1526 3570 coegit
1573 3482 1648 3563 Quo

593 3586 691 3665 facte,
715 3585 834 3652 Franci
850 3607 925 3651 oum
948 3587 1061 3674 praede
1076 3591 1111 3652 et
1125 3586 1239 3674 spoliis
1261 3587 1443 3654 innumeris
1459 3585 1649 3654 Londonias

428 3709 527 3761 (tilbert
537 3710 568 3760 ee
595 3693 675 3754 sunt
698 3689 828 3754 reversi.
872 3688 1037 3756 Veniente
1059 3694 1171 3755 autem
1200 3689 1326 3756 ibidem
1351 3689 1395 3756 sd
1421 3689 1649 3756 Lodouuicum

428 3777 584 3894 gffssffi
597 3791 765 3858 Gileberto
788 3791 828 3856 de
853 3791 952 3868 Gent,
981 3791 1160 3860 comitatus
1190 3793 1370 3860 Linoolniae
1398 3793 1508 3881 ipsum
1537 3792 1648 3880 gladio

428 3911 494 3961 coln.
596 3895 743 3960 donavit
790 3894 863 3974 Quo
887 3895 1003 3981 utique
1026 3901 1175 3982 tempore
1195 3895 1361 3962 Robertus
1383 3895 1515 3975 deltos,
1531 3896 1649 3961 Petrus

428 4011 568 4092 Yorksnire
597 3998 638 4064 de
653 3997 746 4076 Brus,
770 4002 804 4063 et
819 3997 981 4063 Ricardus
1004 3997 1045 4065 de
1069 3999 1163 4065 Perci
1186 4000 1370 4066 Eboracum
1392 4022 1468 4064 cum
1482 4004 1556 4066 tots
1574 4022 1648 4088 pro·

429 4079 556 4196 ffislffie
596 4102 706 4167 vincia
728 4100 918 4165 Lodouuico
941 4099 1162 4186 subjecerunt.
1210 4101 1399 4183 Gilebertus
1425 4101 1467 4168 de
1490 4102 1581 4167 Gant
1613 4091 1655 4166 et¹

430 4214 550 4262 subdned.
598 4205 762 4270 Robertus
793 4203 834 4268 de
865 4203 1026 4292 Roppesle
1058 4205 1174 4269 urbem
1206 4204 1384 4271 Lincolniae
1414 4210 1580 4292 ceperunt,
1614 4210 1650 4270 et

598 4306 802 4394 provinciam
828 4305 928 4385 illam,
956 4311 1077 4392 praeter
1107 4300 1287 4385 castellum,
1309 4313 1414 4374 totam
1446 4308 1508 4374 sub
1538 4330 1649 4373 annuo

431 4419 543 4554 gouzo}
597 4432 697 4476 censu
727 4412 916 4498 posuerunt.
965 4409 1094 4476 Deinde
1117 4410 1334 4477 Hoilandiam
1355 4409 1563 4491 invadentes,
1577 4433 1650 4477 enm

635 4580 790 4588 --.-.-—--—.
805 4581 830 4586 .—
860 4581 917 4588 —0—
938 4581 946 4586 .
968 4581 991 4587 ι.
1037 4581 1308 4589 .—-—--.·-—---—
1327 4583 1332 4588 .

634 4685 639 4716 ¹
653 4685 767 4736 Inserted
779 4693 805 4736 st
816 4684 904 4751 length
915 4685 943 4734 in
954 4683 1102 4737 Wendover
1148 4663 1294 4737 threelinee
1305 4687 1335 4737 of
1347 4685 1392 4737 the
1402 4685 1510 4752 original
1521 4690 1577 4738 text
1591 4701 1650 4736 now

600 4764 692 4816 andB.
707 4766 735 4816 C.
1148 4767 1322 4830 qniteemsed

633 4846 736 4909 '²primo
749 4882 754 4894 .
767 4882 774 4895 .
788 4883 812 4896 ..
830 4845 970 4912 scaccario]
990 4846 1100 4898 Writtcn
1181 4847 1267 4898 ἐπὶ.
1292 4882 1299 4898 .
1323 4845 1493 4914 ..Ηκὸεηῇ
1519 4845 1652 4899 Addedin

601 4939 633 4974 on
652 4939 667 4972 a
686 4923 754 4986 pisce
773 4925 803 4974 of
819 4926 921 4988 vellum,
933 4928 1019 4992 posted
1041 4942 1102 4978 over
1146 4945 1226 4996 marg.
