4242 6159
633 1062 861 1112 verrucosa
884 1061 984 1112 nurus
1008 1062 1165 1126 scurror,
1188 1064 1254 1113 vrz.
1279 1065 1407 1114 renuo·
1478 1051 1541 1112 221

241 1271 252 1320 >
491 1233 644 1300 mabilem
667 1235 815 1323 pecuniae
835 1235 1067 1322 quantitatem,
1084 1241 1119 1303 et
1134 1236 1222 1322 quod
1245 1237 1366 1304 exinde
1386 1238 1449 1303 sub
1468 1258 1545 1325 rege
1558 1245 1627 1298 AJ).
1640 1251 1713 1298 121⁷.

491 1336 676 1423 Anglorum
690 1337 834 1403 fideliter
853 1338 1021 1405 militaret.
1067 1337 1174 1418 Quem
1190 1337 1346 1425 quidam¹
1367 1361 1411 1406 ex
1426 1340 1546 1427 Anglis

241 1451 242 1472 ¹
307 1452 480 1530 nomena
491 1439 695 1506 truculenter
716 1441 883 1527 arripiens,
906 1441 964 1521 ait,
981 1440 1191 1528 “Nunquam
1212 1442 1253 1508 ds
1274 1446 1382 1508 cetero
1402 1442 1546 1529 aliquem

241 1561 242 1606 ὲ
336 1535 376 1573 ι’·
391 1526 435 1572 ³⁰·
492 1543 634 1630 amplius
658 1542 800 1631 decipies
813 1543 844 1625 ;”
871 1549 914 1622 et,
938 1543 1056 1610 educto
1079 1544 1198 1630 gladio,
1222 1550 1324 1630 caput
1349 1567 1447 1610 suum
1476 1567 1546 1611 am-

471 1645 635 1733 putavit.
692 1645 776 1712 Cum
814 1651 926 1714 autem
964 1646 1148 1728 Hubertus,
1182 1647 1290 1713 victor
1322 1647 1544 1728 miraculosus,
1560 1659 1615 1710 The
1626 1660 1680 1710 vie-

473 1747 536 1812 .ad
568 1747 649 1814 litus
679 1748 777 1816 laetus
807 1748 1020 1838 pervenisset,
1046 1753 1265 1836 perrexerunt
1294 1751 1325 1815 ei
1357 1751 1488 1816 obviam
1511 1733 1674 1844 etssssiffi

472 1851 561 1916 .suis
591 1851 835 1918 convictoribus
870 1873 982 1918 omnes
1006 1852 1159 1940 episcopi,
1184 1853 1243 1938 qui
1273 1852 1398 1918 ibidem
1427 1854 1678 1926 extiterimus

473 1959 578 2032 .rant,
608 1955 709 2020 sacris
740 1954 851 2021 induti
877 1954 1035 2033 vestibus,
1064 1977 1139 2021 cum
1169 1955 1319 2022 crucibus
1348 1961 1383 2021 et
1404 1928 1661 2058 vexillissslssfssss,

473 2061 665 2122 .cantantes
698 2056 924 2144 sollempniter
957 2062 992 2123 et
1021 2057 1132 2122 Deum
1165 2057 1401 2124 collaudantes.
1453 2058 1547 2146 Mag
1559 2061 1610 2111 and
1618 2062 1714 2112 nobles.

474 2158 609 2224 .nates²
631 2159 732 2225 etiam
754 2181 853 2246 super
875 2159 957 2225 litus
980 2163 1201 2246 expectantes,
1225 2166 1264 2227 ut
1288 2158 1349 2224 in³
1371 2161 1490 2242 hostes,
1517 2161 1547 2226 si

475 2262 736 2349 applicuissent,
773 2263 947 2343 irruerent,
981 2263 1133 2329 videntes
1169 2286 1239 2329 ram
1276 2269 1546 2344 consummatam,

475 2365 675 2430 .victoribus
693 2365 945 2452 applaudebant.
984 2365 1098 2452 Spolia
1116 2367 1230 2454 itaque
1249 2369 1386 2433 navium
1406 2367 1442 2433 in
1457 2389 1546 2447 auro,

493 2471 637 2556 argento,
660 2467 779 2553 pannis
802 2467 923 2548 sericis,
946 2469 1046 2534 armis
1069 2473 1104 2534 et
1128 2470 1230 2556 equis,
1252 2492 1327 2535 cum
1348 2469 1545 2556 prisonibus,

494 2570 530 2635 in
552 2593 630 2636 usus
644 2569 763 2637 meritc
780 2574 949 2637 cesserunt
966 2571 1254 2659 triumphantium.
1299 2571 1410 2659 Hujus
1432 2579 1544 2640 autem
1559 2589 1669 2641 Griefos

495 2673 542 2738 rei
572 2678 712 2740 eventus
748 2696 823 2741 cum
859 2675 902 2741 ad
941 2673 1123 2740 Lodouuici
1155 2675 1311 2741 notitiam
1345 2678 1542 2763 perveniret,
1555 2656 1642 2708 Iouis

497 2776 600 2842 multo
635 2776 880 2864 praecordialius
910 2775 1027 2858 doluit,
1061 2798 1161 2863 quarn
1197 2777 1237 2843 ds
1270 2777 1453 2844 infortunio
1483 2779 1547 2844 sibi

477 2879 584 2966 ‚apud
607 2878 812 2944 Lincolniam
839 2879 993 2966 irrogatc.
1048 2878 1154 2944 Erant
1185 2879 1274 2956 enim
1304 2879 1428 2946 ibidem
1457 2882 1548 2968 capti

477 2982 537 3047 .de
559 2981 778 3048 nobilioribus
802 2982 959 3061 Franciae,
984 2980 1150 3048 Robcrtus
1175 2982 1300 3048 scilicet
1321 2982 1363 3049 de
1378 2983 1546 3064 Curtcnai,

477 3090 531 3150 ‚et
564 3084 623 3150 alii
652 3085 760 3166 multi,
795 3107 936 3171 quorum
973 3085 1110 3150 nomina
1152 3084 1288 3171 longum
1328 3091 1413 3152 esset
1450 3086 1547 3152 dinu-

477 3233 484 3248 .
496 3209 627 3254 merare.

496 3493 547 3560 De
566 3515 651 3582 pace
666 3500 698 3561 ct
713 3492 895 3561 concordia
909 3493 1007 3580 sacto
1029 3493 1123 3560 tcto
1143 3513 1254 3581 ‘repam
1276 3499 1306 3560 et
1320 3491 1544 3561 Lodcwimem.

322 3655 486 3722 linguens.
541 3645 753 3712 Marescallus
775 3646 889 3734 igitur,
909 3646 996 3732 regis
1020 3651 1056 3711 et
1079 3646 1172 3733 regni
1194 3651 1308 3724 rector,
1334 3647 1547 3734 congregavit
1560 3658 1678 3709 'rheae

361 3725 396 3774 ὴ·
411 3730 451 3774 ³⁰·
497 3748 678 3814 exercitum
702 3747 862 3836 grandem
887 3747 1032 3812 militum
1052 3753 1088 3813 et
1110 3747 1277 3826 clientum,
1301 3752 1401 3834 atque
1423 3749 1461 3813 in
1482 3725 1673 3854 for-{ff

496 3850 643 3916 titudine
673 3851 769 3938 gravi
800 3849 843 3915 ad
875 3850 989 3915 urbem
1022 3849 1269 3916 Londoniarum
1300 3873 1335 3916 se
1369 3851 1547 3930 conferens,
1560 3858 1674 3910 Iondon.

496 3952 625 4020 obsedit
645 3975 718 4020 eam
738 3975 797 4040 per
818 3953 938 4040 girum,
956 3952 993 4017 id
1015 3957 1075 4032 est,
1090 3976 1150 4040 per
1164 3959 1289 4020 terram
1311 3952 1411 4018 simul
1432 3958 1468 4019 et
1489 3975 1548 4039 per

497 4077 617 4142 aquarn
628 4081 637 4137 ;
659 4077 821 4144 omneque
844 4054 980 4120 inclusis
994 4056 1193 4121 victualium
1214 4077 1318 4143 genus
1340 4054 1548 4132 subtrahens,

496 4159 539 4223 ad
559 4158 762 4225 deditionem
786 4179 840 4224 eos
862 4157 1055 4244 compellere
1070 4158 1251 4246 satagebat.
1290 4158 1339 4224 At
1354 4156 1548 4223 Lodowicus
1559 4170 1705 4304 {agapas

719 4345 960 4352 .---..-—..—-
971 4345 1003 4350 ..-

531 4455 663 4522 ¹qsidcm]
699 4455 849 4520 According
872 4461 899 4505 to
923 4454 1001 4505 Wen·
1044 4454 1112 4506 linus
1122 4453 1309 4515 Bathoniensis,
1318 4452 1396 4518 Ilugo
1407 4451 1546 4504 cicestren·

500 4537 577 4587 dcver
593 4536 777 4601 (followedby
793 4535 824 4586 B.
844 4533 886 4599 C.)
910 4535 931 4585 it
948 4549 1000 4584 vas
1044 4533 1088 4594 sis,
1100 4533 1230 4598 episcopi;
1247 4547 1355 4598 magnus
1374 4531 1547 4594 Marescallus,

498 4615 618 4678 Richard,
635 4614 680 4666 the
701 4615 800 4666 natural
823 4629 868 4665 son
891 4613 922 4663 ol
936 4613 1000 4679 king
1043 4628 1127 4663 comas
1149 4612 1316 4674 Heresordioe,
1335 4626 1419 4662 comes
1437 4611 1547 4663 Wsran·

499 4693 578 4746 John.
1043 4693 1102 4751 nise,
1118 4706 1201 4742 comes
1212 4690 1545 4754 Albemarlise,msgnstes;

530 4773 700 4842 'blamed
726 4773 759 4824 Iu
786 4774 829 4825 the
855 4771 955 4838 margin
977 4771 999 4822 is
1043 4771 1141 4837 legatus
1174 4768 1300 4820 circuiens
1330 4768 1489 4834 provinciam
1518 4770 1547 4819 in

498 4855 580 4906 added
591 4854 634 4906 the
650 4853 780 4919 following
797 4859 871 4902 note:
893 4851 1000 4902 “Erant
1043 4847 1217 4914 adjutorium.”
1250 4847 1455 4900 Iullthisuote
1468 4849 1492 4900 is
1507 4849 1546 4900 in-

498 4949 605 5001 nsmque
616 4935 719 4996 ibidn,
736 4933 825 4984 Petrus
836 4931 998 4983 Wintonien·
1044 4929 1189 4994 corpomted
1199 4928 1226 4978 in
1237 4927 1281 4978 the
1291 4935 1354 4981 text.

499 5012 540 5074 sis,
564 5014 688 5066 Ricardus
707 5010 906 5071 saresbiriensis,
924 5011 998 5061 Jocc·
1077 5007 1139 5074 ἰὴ]
1158 5007 1305 5058 interlined
