4242 6159
566 999 629 1070 170
685 991 851 1066 uerrunr
875 1013 1089 1066 renrsmusrs
1111 1011 1277 1066 meroen
1298 1011 1499 1064 morosos.

393 1195 464 1248 Ab.
478 1202 550 1249 121⁵.
563 1188 728 1269 rensibus,
744 1189 948 1256 Willelmum
964 1189 1118 1268 Briwere,
1133 1187 1371 1254 inexorabilem
1393 1193 1428 1253 et
1442 1185 1632 1262 crudelem.

562 1290 748 1360 Walternm
771 1293 850 1372 Bne,
872 1298 1045 1360 cruentum
1069 1293 1233 1372 sicarium,
1266 1314 1342 1360 cum
1363 1291 1432 1357 suis
1455 1290 1631 1356 Braiben-.

562 1395 619 1461 ciis
642 1401 677 1462 et
701 1395 961 1462 Flandrensibus
983 1396 1205 1484 spurcissimis
1226 1401 1262 1463 et
1284 1394 1495 1484 ignobilibus,
1511 1393 1631 1460 omni.

562 1520 627 1584 que
659 1522 778 1588 genere
804 1499 988 1566 facinorum
1013 1499 1270 1581 commaculatis,
1294 1522 1370 1565 cum
1394 1497 1510 1564 multis
1531 1494 1631 1576 aliis.

562 1624 643 1688 quos
665 1603 840 1690 prolixitas
861 1625 930 1670 non
952 1604 1120 1691 permittit
1142 1603 1320 1670 nominare.
1366 1601 1476 1668 Duxit
1498 1604 1610 1665 autem
1624 1607 1792 1688 inermem.

561 1727 619 1770 rex
641 1727 751 1772 secum
775 1729 889 1772 versus
911 1707 1100 1794 aquilonem
1116 1704 1330 1785 willelmum,
1346 1705 1501 1771 comitem
1515 1703 1615 1769 Albe-
1651 1691 1689 1727 ω·
1700 1681 1760 1725 ³⁴⁸·

561 1809 694 1888 merliae,
710 1808 902 1898 Philippum
923 1811 965 1876 de
980 1808 1148 1888 Albineto,
1163 1809 1188 1874 J
1189 1809 1352 1876 ohannem
1367 1805 1595 1873 Marescallum
1610 1829 1617 1886 ;

561 1917 604 1993 et,
627 1935 669 1977 ex
692 1911 883 2000 regionibus
915 1913 1155 1990 transmarinis,
1171 1911 1349 1978 Girardum
1384 1912 1424 1977 de
1450 1909 1615 1996 Sotingni,

561 2015 799 2096 Godescallnm,
827 2039 902 2082 curn
926 2015 1185 2082 Flandrensibus
1211 2016 1279 2082 suis
1312 2014 1480 2102 ruptariis,
1515 2012 1614 2079 balis-

562 2119 665 2199 tariis,
696 2119 904 2200 incendariis,
935 2119 1118 2197 homicidis,
1145 2119 1204 2206 qui
1228 2141 1288 2184 nec
1313 2117 1423 2184 Deum
1450 2117 1631 2183 timebant.

393 2227 517 2280 Exceaa
562 2243 622 2287 nec
644 2222 794 2288 homines
820 2222 1066 2289 reverebantur.
1127 2222 1217 2304 Quid
1239 2220 1357 2310 plural
1409 2220 1556 2287 Jubente
1576 2242 1632 2288 ac.

393 2296 539 2430 {fflt‘ed
563 2325 756 2390 stimulante
771 2346 856 2412 rege,
880 2329 951 2392 tam
973 2325 1037 2391 iste
1060 2347 1158 2412 quern
1180 2325 1236 2391 ille
1258 2325 1423 2390 exercitus
1438 2323 1631 2410 utrobique.

394 2431 477 2496 kings
563 2426 617 2494 et¹
643 2427 788 2494 ferrost
813 2429 902 2494 fame
928 2429 1255 2495 cunctadevastant.
1302 2428 1431 2494 Vetant
1452 2449 1527 2493 oum
1549 2427 1633 2492 sin.

393 2505 484 2562 Μ’
561 2530 711 2618 gultibus
748 2553 822 2617 quae
860 2537 1044 2618 sequuntur
1081 2531 1226 2597 lacrimae
1263 2529 1416 2620 plenius²
1454 2551 1632 2608 enarrare„

557 2634 711 2700 'homines
737 2635 826 2700 enim
860 2635 1035 2701 inhumani
1057 2635 1272 2701 innocentum
1297 2633 1515 2720 possessiones
1540 2655 1632 2700 nec.

562 2759 630 2803 non
654 2743 689 2804 et
711 2759 844 2826 corpora
866 2740 1011 2826 rapiunt,
1035 2739 1225 2816 dilacerant,
1247 2737 1488 2824 depr-sedantur,
1511 2737 1631 2814 retati„

561 2841 657 2908 sexui
685 2841 739 2908 vel
769 2841 952 2908 conditioni
981 2865 1049 2908 non
1081 2847 1253 2929 parcentes
1265 2866 1274 2923 ;
1305 2847 1345 2907 ut
1375 2841 1537 2907 veraciter
1565 2840 1632 2905 ire.

562 2945 636 3022 Dei,
658 2945 760 3010 immo
786 2945 884 3023 furor,
921 2944 957 3010 in
983 2945 1113 3032 plebem
1136 2965 1229 3010 suam
1252 2943 1424 3011 videretur
1447 2943 1632 3010 desaevire..

561 3046 711 3136 Fugiunt
735 3046 840 3135 igitur
853 3071 875 3114 a
889 3048 970 3114 faeie
985 3046 1284 3114 debacchantium³
1307 3048 1408 3113 etiarn
1432 3046 1611 3128 castellani,

560 3155 668 3218 castra
690 3172 794 3217 vacue
815 3151 1046 3238 relinquentes.

575 3411 625 3480 De
651 3411 806 3501 ereptione
829 3410 1058 3502 queceaoularn
1083 3411 1298 3480 malama
1324 3417 1355 3480 et
1384 3411 1598 3501 mureicipio·

1044 3537 1132 3582 ram.

394 3679 472 3746 Many
607 3663 733 3730 Eodem
755 3669 903 3750 tempore
919 3661 1087 3729 Falcasius
1109 3665 1197 3752 cepit
1219 3664 1438 3752 municipium
1455 3663 1789 3752 WillelmiRngend

393 3748 540 3864 {ffibles
562 3765 705 3832 Mandat
751 3766 791 3832 de
826 3765 1058 3853 Hemeslape‚⁴
1093 3772 1128 3832 et
1165 3769 1355 3855 prostravit.
1418 3768 1525 3856 Capta
1561 3773 1612 3834 est
1650 3755 1687 3791 ¹¹¹·
1701 3748 1762 3793 ³⁴⁹·

394 3883 519 3947 captured
560 3870 704 3938 munitio
738 3869 779 3934 de
810 3869 1039 3958 'l'bunebruge
1082 3870 1213 3937 comitis
1244 3871 1285 3937 de
1317 3871 1437 3953 Olare3
1467 3876 1611 3938 castrum

560 3996 691 4062 quoque
714 3973 754 4039 de
779 3972 951 4052 Bedeford,
976 3978 1011 4038 et
1033 3973 1142 4039 multa
1163 3974 1238 4055 alia,
1264 3996 1339 4062 quae
1365 3974 1502 4063 longum
1527 3975 1630 4042 foret.

560 4099 740 4144 numerare.
786 4075 948 4164 Cepitque
970 4077 1094 4142 multos
1116 4076 1244 4143 nobiles
1259 4081 1293 4142 et
1308 4078 1439 4159 incolas,
1463 4085 1497 4143 et
1512 4078 1630 4144 variis.

560 4204 598 4248 ac
619 4180 780 4246 inauditis
802 4201 975 4267 poenarum
997 4179 1174 4267 generibus
1205 4179 1339 4246 affectos
1368 4186 1404 4246 et
1432 4181 1631 4248 incarcere.

392 4297 463 4349 John
475 4297 547 4362 gives
560 4290 611 4350 tos
643 4283 903 4372 possessionibus
934 4283 1092 4369 spoliavit
1122 4283 1334 4348 truculenter.
1397 4283 1471 4349 Rex
1507 4284 1631 4371 igitur,

392 4365 540 4481 {lffissd
559 4389 701 4454 multum
723 4391 895 4474 acceptans
918 4386 1121 4453 tirannidem
1136 4385 1287 4465 Felcasii
1302 4387 1394 4453 dedit
1414 4389 1446 4452 ei
1468 4393 1631 4455 cestrum.

392 4497 538 4617 diffidi
560 4493 600 4558 de
639 4490 811 4572 Bedeford,
850 4496 885 4557 et
921 4489 1068 4556 nobilem
1105 4490 1276 4556 mulierem
1315 4490 1537 4578 Margaretam
1569 4492 1632 4558 de.

692 4655 908 4660 ---—-—---..-
947 4655 1007 4662 ......
1211 4653 1369 4660 .-...-—-—.
1392 4655 1472 4660 .-.---
1490 4656 1540 4662 -.

594 4745 600 4776 ¹
614 4743 739 4809 retrahique
750 4747 786 4811 ee]
807 4747 848 4798 On
861 4761 893 4796 au
906 4761 1014 4798 emere.
1143 4747 1152 4776 ⁴
1166 4703 1330 4814 Hssmlapss]
1351 4747 1532 4814 Hfflfflffll’l‘v
1544 4747 1602 4799 MS·

593 4823 722 4890 ²pleaiue]
742 4825 828 4876 Onan
840 4840 947 4877 erasure.
1111 4827 1183 4878 Gerr.
1193 4827 1260 4878 from
1271 4827 1314 4880 W.
1325 4827 1357 4878 B·
1372 4849 1380 4888 ε
1397 4828 1546 4894 Hssml‘lssl’es
1559 4827 1588 4880 c·

561 4903 825 5035 Mgdebarricelium]
875 4907 1065 4960 deterrentium,
