4242 6159
598 959 687 1038 242,
718 969 882 1022 nemum
905 969 1118 1022 rssrsrnums
1140 970 1305 1022 meroris
1327 969 1525 1022 moronus.

431 1167 499 1219 An.
514 1169 584 1216 raso,
597 1140 771 1229 purissimo
794 1147 828 1207 et
852 1141 991 1228 gemmis
1020 1139 1275 1227 pretiosissimis,
1296 1142 1439 1206 artifieio
1467 1138 1661 1208 materiam.

597 1247 780 1332 superante.
827 1244 931 1310 Facta
954 1249 1140 1310 astantem
1165 1244 1237 1312 haeo
1250 1244 1427 1310 translatio
1440 1241 1478 1308 in
1498 1241 1662 1309 erastino.

461 1372 558 1438 may,
599 1345 788 1412 octabarum
824 1346 1048 1434 apostolorum
1077 1346 1170 1412 Petri
1199 1351 1234 1412 et
1263 1345 1368 1425 Pauli,
1405 1345 1461 1412 die
1489 1343 1660 1413 videlicet.

598 1449 821 1516 anniversario
858 1449 945 1536 regis
981 1449 1121 1514 Henrioi
1155 1447 1223 1529 II,l
1255 1449 1318 1515 sub
1352 1469 1418 1534 quo
1447 1467 1562 1535 pmus
1591 1450 1662 1515 est.

598 1552 686 1618 idem
708 1552 834 1632 martir,
856 1551 1077 1640 praesentibus
1098 1573 1175 1639 rege
1201 1551 1346 1619 Henrieo
1368 1551 1446 1632 ΙΙΙ.,
1469 1548 1661 1638 quamplu.

597 1655 753 1741 ribusque
781 1660 852 1720 tam
884 1654 1116 1721 transmarinis
1144 1675 1245 1741 quam
1270 1654 1453 1722 cismarinis
1484 1653 1660 1738 archiepi·.

599 1757 713 1844 scopis,
745 1757 913 1844 episcopis,
946 1756 1135 1838 abbatibus,
1166 1757 1339 1844 prioribus,
1369 1760 1405 1823 et
1433 1755 1661 1842 magnatibus.

434 1883 572 1935 waleros
599 1858 904 1926 innumerabilibus.
959 1859 1182 1926 Praesentibus
1202 1861 1306 1926 etiam
1331 1856 1662 1946 incomparabilibus.

433 1949 578 2068 fflelffi
600 1962 791 2040 missibus,
823 1962 992 2050 massas
1025 1961 1172 2028 waram
1201 1963 1244 2028 ‹10
1273 1963 1478 2042 cassan
1509 1962 1662 2030 mm,

431 2035 587 2146 orontium,
599 2065 641 2132 de
663 2064 786 2131 Sancto
808 2064 949 2145 Albano,
964 2069 999 2131 et
1022 2065 1111 2151 Elya
1125 2065 1167 2132 da
1189 2065 1346 2144 Derham,
1359 2065 1516 2132 canonico
1534 2064 1662 2132 Sues.

431 2151 570 2268 {mim
598 2167 758 2245 hiriensi,2
780 2188 920 2253 quorum
950 2167 1096 2233 consiliis
1121 2171 1156 2233 et
1181 2167 1323 2255 ingeniis
1353 2169 1474 2249 omnia,
1497 2188 1571 2255 quas
1599 2165 1663 2233 ad.

431 2284 523 2336 shrine.
598 2270 776 2335 artificium
802 2269 929 2336 thecae³
955 2273 990 2334 et
1011 2269 1115 2356 ipsius
1142 2270 1338 2336 elevationis
1360 2277 1395 2337 et
1415 2270 1662 2337 translationis.

597 2372 779 2438 necessaria
800 2370 941 2450 fuerant,
963 2371 1295 2460 irreprehensibiliter
1315 2375 1527 2460 parabantur.
1572 2373 1662 2438 Nec.

599 2481 649 2540 est
670 2475 743 2539 visa
764 2473 801 2538 in
823 2479 913 2540 terra
934 2479 1004 2539 tam
1038 2474 1174 2541 celebris
1195 2474 1250 2540 vel
1271 2480 1341 2541 tam
1367 2476 1509 2563 gloriosa
1537 2480 1663 2540 trans.

597 2576 687 2653 latio,
702 2575 761 2640 ubi
782 2581 836 2642 tot
857 2577 1061 2642 diversarum
1084 2578 1256 2644 nationum
1271 2579 1475 2645 venerabiles
1496 2597 1662 2666 personae.

432 2685 579 2738 Notandum.
597 2677 832 2744 interfuissent.
891 2677 980 2744 Nam
1010 2679 1240 2768 dignissimum
1272 2678 1424 2747 omnibus
1457 2677 1662 2755 videbatur..
1679 2695 1826 2774 swerd.

598 2787 637 2847 ut
651 2785 801 2847 sanctum
821 2781 991 2848 martirem
1008 2781 1133 2850 Christi
1153 2781 1351 2870 generaliter
1365 2782 1573 2860 honorarent,
1586 2781 1644 2868 qui
1700 2779 1737 2815 ¹¹·
1749 2771 1795 2815 ⁶⁶·

597 2905 656 2971 pro
679 2882 860 2948 universali
891 2883 1026 2950 aeclesia
1057 2886 1251 2972 sanguinem
1281 2907 1377 2950 suum
1406 2883 1545 2951 fundere
1577 2906 1644 2950 non

596 2985 719 3064 timuit,
735 2997 769 3052 et
790 3008 850 3073 pro
872 2987 943 3073 ejus
957 2986 1111 3053 libertate
1126 2987 1287 3073 usquead
1301 2991 1441 3054 mortem
1461 2991 1549 3053 stare
1569 2985 1663 3052 nul·

595 3088 727 3158 lutenus
748 3088 951 3156 formidavit.

597 3348 647 3415 De
661 3347 817 3437 captione
839 3355 1039 3430 rostrorum,
1055 3345 1209 3522 mitet
1229 3347 1271 3416 de
1284 3347 1437 3418 Surena
1450 3353 1482 3416 ct
1495 3345 1642 3433 Relatu-

1877 3502 1888 3545 «l

431 3612 539 3677 crptme
550 3613 580 3663 of
642 3603 743 3667 Anno
766 3623 896 3688 quoque
913 3601 974 3667 sub
989 3599 1104 3668 eodem
1121 3623 1181 3666 rex
1196 3598 1361 3668 Henrieus
1376 3597 1823 3681 111.‚w111e1m0,s02.wsns

432 3681 576 3812 3⁰33&ss
597 3703 718 3771 comite
746 3703 787 3769 de
813 3704 1016 3785 Albemarla,
1044 3704 1161 3782 invito,
1191 3704 1279 3792 cepit
1304 3704 1416 3769 subito
1445 3703 1642 3770 castelludo
1688 3682 1725 3733 iv.
1738 3688 1783 3735 ⁶⁵·

430 3817 480 3864 anu
492 3815 577 3877 Rouk-
600 3805 813 3893 Rokingbam
837 3810 872 3872 et
895 3805 1049 3884 saurais,
1070 3807 1107 3872 in
1121 3806 1239 3894 vim'lia
1256 3807 1481 3894 apostolorum
1496 3805 1587 3873 Petri
1608 3812 1643 3871 et

430 3881 568 4018 izffia
599 3909 703 3974 Pauli.
761 3908 952 3994 Eodemque
981 3930 1078 3990 anno,
1102 3908 1161 3974 sed
1181 3909 1293 3996 paucis
1318 3914 1418 3975 antea
1439 3909 1564 3991 diebus,
1587 3909 1661 3974 de·.

430 4051 547 4108 pom,
597 4016 696 4078 votus
711 4009 781 4078 Deo
792 4033 851 4076 rex
867 4009 1032 4078 Haurious
1044 4009 1111 4076 III.
1128 4009 1206 4077 feeit
1216 4009 1363 4077 inchoari
1377 4009 1533 4078 fabricam
1549 4031 1661 4078 novae.

430 4126 484 4175 tion
497 4125 576 4176 orde
597 4113 730 4200 capellae
756 4113 862 4180 beutae
887 4111 1036 4202 Virginis
1059 4113 1149 4202 apud
1162 4113 1505 4196 westmonasterium,
1528 4110 1661 4180 eodem:

430 4191 576 4324 {ffir‘gn
597 4239 672 4304 rege
696 4213 860 4282 existente
882 4213 1058 4283 fundatore
1074 4221 1108 4283 et
1123 4221 1271 4304 patrono,
1286 4222 1322 4284 et
1335 4217 1480 4308 primum
1499 4214 1661 4306 lapidem.

430 4325 550 4404 sttwest-
598 4319 704 4408 operis
726 4318 762 4384 in
784 4318 999 4388 fundamento
1021 4319 1058 4385 in
1080 4319 1204 4386 bonum
1230 4319 1410 4410 auspicium
1437 4320 1660 4410 disponente„

430 4399 568 4546 mffi'ffa'y·
597 4421 753 4490 videlicet
774 4421 914 4488 sabbato
940 4421 1077 4488 sancto⁴
1098 4421 1316 4490 Pentecostes

630 4675 681 4726 ¹1n
695 4675 739 4726 the
754 4673 853 4740 margin
875 4673 897 4724 is
913 4675 1003 4736 added,
1021 4677 1036 4702 “
1048 4690 1098 4740 qua
1173 4674 1281 4742 ’(Ιιωω]
1300 4675 1380 4738 teche,
1391 4673 1449 4726 MS.

596 4755 637 4805 die
648 4754 713 4805 obiit
720 4769 767 4805 rex
773 4755 900 4806 Henriens
909 4753 952 4817 IL,
961 4755 1097 4806 translatus
1174 4755 1292 4821 ⁴scaelo]
1313 4755 1355 4807 On
1375 4771 1408 4806 an
1423 4769 1531 4816 erasme,
1543 4751 1643 4804 audior

594 4833 750 4887 estSanelns
761 4833 899 4888 Thomsa’'
1141 4832 1506 4888 Pentecostesstfirstvrilten
1515 4833 1643 4884 Pentecos-

627 4910 841 4980 manaem]
853 4911 1096 4978 Smsbirlensi,llS.
1142 4919 1187 4965 ten.
1222 4915 1295 4967 IaB.
1304 4913 1642 4980 c..2·m⁷9··12·a1³esoeoesa
