4242 6159
687 1081 735 1133 ns
756 1081 916 1134 monn
938 1083 1039 1134 neers
1061 1081 1213 1138 messor.
1432 1071 1474 1144 67

419 1280 468 1349 De
478 1282 692 1370 partemin
705 1283 866 1372 Hisponis
888 1283 929 1352 de
943 1283 1104 1364 Noscant,
1119 1285 1267 1376 episcopi
1283 1285 1474 1358 carrenses.
1486 1295 1555 1352 ΑΛ).
1570 1305 1642 1353 uss.

311 1445 388 1565 iffi·
464 1446 593 1512 Eodem
618 1469 707 1513 auno
730 1448 832 1535 Hugo
856 1449 897 1513 de
923 1447 1074 1529 Nunant,
1098 1451 1268 1540 episcopus
1292 1452 1474 1519 Castrensis
1486 1470 1633 1551 naeth-bed

316 1581 389 1634 Μ
421 1549 489 1615 sive
514 1549 759 1631 coventrensis,
776 1552 812 1617 in
834 1551 1066 1618 Normannin¹
1090 1555 1239 1640 graviter
1262 1556 1363 1645 coepit
1382 1555 1474 1622 infir·
1485 1545 1617 1656 fissnffinff

404 1653 525 1718 ·mari⁹
560 1677 664 1743 usque
697 1655 740 1720 ad
777 1661 925 1722 mortem
984 1655 1181 1723 Convocatis
1219 1659 1324 1746 igitur
1360 1660 1473 1726 amicis
1487 1624 1641 1734 nausiant,

402 1780 633 1846 .qu0scunqne
664 1764 803 1846 poterat,
832 1760 1000 1826 confessus
1031 1759 1105 1826 eet³
1139 1783 1173 1826 se
1206 1763 1312 1827 multa
1342 1769 1474 1849 peccata
1485 1740 1593 1860 bbeller

402 1867 643 1950 perpetrasse,
665 1864 723 1929 sed
745 1862 875 1929 unum⁴
889 1863 964 1951 plus
986 1863 1052 1928 sibi
1075 1864 1224 1942 timebat,
1241 1865 1338 1951 quod,
1355 1867 1476 1933 amotis
1591 1848 1598 1861 ⁰

401 1967 587 2032 -mcnachis
604 1966 893 2049 Coventrensibus,
909 1967 1042 2035 clericos
1064 1967 1308 2052 substituerat‚⁵
1324 1971 1382 2056 qui
1397 1971 1474 2057 vagi

403 2073 455 2135 ·et
467 2071 707 2150 mendicantes,
724 2071 787 2136 sibi
802 2076 842 2136 ut
864 2075 1044 2158 potuerant
1067 2071 1291 2138 consulebant.
1338 2072 1474 2138 Etcum
1508 2075 1510 2082 '

403 2171 629 2241 0haesitnssent
652 2173 831 2253 audientes,
855 2175 936 2262 quid
970 2173 1042 2239 ideo
1077 2171 1289 2262 injungerent
1312 2175 1352 2253 ei,
1382 2175 1473 2241 dixit

404 2280 601 2366 episcopus,
627 2278 739 2357 “Scio,
767 2278 857 2364 quod
879 2281 1015 2366 propter
1036 2277 1116 2343 facti
1139 2278 1369 2345 enormitatem
1393 2279 1474 2366 quid

402 2380 603 2468 injungatis
647 2381 855 2470 poenitentiae
885 2380 1058 2447 dubitatis.
1119 2380 1254 2447 Postulo
1292 2381 1472 2450 Dominum
1560 2459 1564 2478 ,

403 2483 529 2553 ·Deum
544 2508 655 2552 meum
675 2487 807 2573 justum
830 2488 866 2550 et
887 2483 1140 2563 misericordem,
1162 2489 1202 2550 ut
1224 2485 1286 2550 sim
1302 2487 1338 2551 in
1352 2509 1472 2576 purga·

403 2589 504 2656 ·torio
537 2611 642 2677 usque
671 2589 716 2654 ad
747 2589 836 2658 diem
862 2587 992 2675 judicii,
1015 2592 1056 2654 ut
1082 2587 1199 2653 saltem
1226 2592 1307 2655 tunc
1337 2589 1473 2657 salver.''

315 2692 329 2737 ἲ
376 2691 583 2780 ··Dixitque
604 2691 721 2759 abbati
748 2692 788 2757 de
819 2691 932 2771 Becco,
959 2691 1016 2777 qui
1046 2689 1096 2756 ibi
1119 2696 1201 2770 erat,
1226 2697 1245 2728 “
1257 2691 1408 2774 Obsecro,
1432 2699 1472 2760 ut

312 2841 330 2872 ,
349 2837 379 2889 ᾖ,
404 2798 573 2862 concedas
595 2795 687 2873 mihi,
716 2800 756 2860 ut
779 2795 901 2860 moriar
932 2794 969 2859 in
992 2791 1112 2860 habitu
1138 2797 1257 2876 vestm,
1288 2795 1324 2860 in
1348 2796 1472 2864 diaboli

294 2922 295 2929 ¹
332 2902 360 2950 ²2
403 2899 651 2980 confusionem,
675 2897 769 2985 cujus
790 2897 954 2963 instinctu
978 2895 1142 2985 praedr'cta
1163 2897 1362 2986 perpetravi,
1378 2904 1413 2965 ct
1435 2899 1472 2964 in

403 3003 592 3069 monastici
622 3000 748 3069 ordinis
773 2998 957 3066 honorem.''
1009 2999 1055 3065 Et
1087 2999 1142 3076 sic,
1171 3001 1290 3088 legatis
1319 3002 1471 3068 omnibus

402 3113 454 3172 ·et
476 3107 565 3172 datis
587 3104 796 3193 pauperibus,
819 3109 951 3190 accepto
974 3101 1091 3168 emulis
1111 3103 1243 3184 viatico,
1259 3109 1293 3170 et
1315 3104 1472 3170 inunctus

404 3209 484 3274 nite
517 3207 725 3274 infirmorum
747 3208 827 3287 oleo,
858 3205 996 3272 Domini
1025 3206 1183 3272 invocans
1214 3205 1470 3272 misericordiam

404 3313 572 3397 ›spiritum
587 3310 742 3377 reddidit.
789 3309 895 3390 Quod,
918 3308 1175 3396 procurantibus
1198 3308 1256 3394 qui
1277 3309 1355 3374 huic
1373 3331 1470 3376 even·
1482 3319 1538 3372 The
1548 3337 1612 3388 pope

402 3415 471 3479 cui
492 3417 681 3492 intererant,
713 3413 813 3478 simul
836 3433 910 3476 cum
939 3411 1109 3476 monachis
1132 3411 1284 3499 expulsis,
1308 3433 1382 3478 curn
1412 3412 1469 3479 do·
1482 3391 1619 3440 orcanae

403 3519 506 3583 -rnino
535 3541 630 3606 papea
659 3519 883 3596 innotuerant,
915 3514 1071 3602 praeoepit
1101 3519 1148 3594 ut,
1174 3515 1319 3603 expulsis
1345 3516 1469 3584 clericis
1481 3457 1636 3576 bonkdled

304 3705 309 3711 .
404 3623 625 3703 secularibus,
648 3622 706 3708 qui
732 3621 805 3706 jam
838 3617 997 3683 dissolute
1029 3623 1065 3683 et
1096 3620 1275 3684 enormiter
1296 3620 1466 3702 vivebant,
1480 3591 1616 3726 pycovm-

311 3712 568 3828 {igne-monaehi
599 3728 840 3791 revocarentur.
892 3721 938 3785 Et
967 3720 1124 3808 quoniam
1155 3723 1245 3809 prior
1275 3723 1365 3788 illius
1396 3725 1468 3804 loci,

403 3831 584 3895 *monachis
599 3825 823 3904 exulantibus,
839 3823 1012 3889 defunctus
1029 3823 1102 3910 jam
1117 3823 1233 3905 fuerat,
1253 3825 1467 3914 arehiepisco-

404 3955 478 4019 ·pus
500 3931 747 4000 Cantuariensis
776 3925 991 4015 H[ubertus],
1016 3927 1074 4014 qui
1106 3929 1333 3995 executionem
1363 3931 1467 3996 intro-

420 4035 579 4102 ductionis
593 4060 614 4100 a
628 4056 715 4123 papa
734 4035 913 4119 acceperat,
928 4030 1076 4116 praefeoit
1095 4031 1142 4096 eis
1165 4030 1308 4120 priorem
1332 4033 1577 4106 nominatorem

418 4139 612 4221 daibertum,
622 4138 757 4203 natione
772 4135 1013 4214 Normannum,
1030 4135 1087 4221 qui
1102 4141 1237 4224 propter·
1251 4135 1464 4203 eminentiam
1476 4122 1624 4241 ffllffigr

418 4243 600 4330 prudentiae
633 4240 787 4308 secularis
820 4243 889 4304 tres
921 4239 1096 4325 prioratus,
1131 4240 1171 4304 de
1204 4239 1387 4318 Daventre,
1422 4241 1463 4305 de
1477 4207 1597 4352 Geoffdy
1626 4231 1631 4242 '

419 4345 577 4427 Wencloc‚
593 4351 628 4412 et
649 4345 690 4409 de
713 4341 978 4419 Bermnndeseia,
1000 4345 1188 4429 susceperat
1206 4343 1248 4406 ad
1272 4343 1461 4428 regendum.
1475 4354 1589 4404 denus-

419 4450 481 4530 Qui
504 4451 660 4517 continuo
690 4471 764 4514 cum
796 4445 930 4511 consilio
961 4444 1196 4510 monachorum
1233 4443 1273 4508 de
1305 4444 1462 4512 electione
1475 4420 1571 4539 ἓξὲξ

419 4553 555 4641 episcopi
604 4557 746 4618 tractare
801 4549 969 4636 incipiens,
1016 4548 1182 4614 communi
1228 4547 1462 4616 deliberatione
1475 4555 1606 4621 nnhopof

420 4655 614 4722 Gaufridnm
636 4656 676 4721 de
700 4653 895 4739 Muschamp
917 4651 1097 4737 elegerunt.
1475 4621 1610 4690 cmm·

452 4849 458 4877 ι
472 4847 639 4915 Nomanufa]
658 4848 845 4902 Nomflmania,
857 4845 912 4897 MS¹
997 4845 1005 4872 ⁴
1020 4841 1105 4906 nerum]
1126 4845 1167 4901 uti,
1176 4840 1233 4892 MS.
1261 4841 1285 4890 It
1295 4855 1354 4908 may
1366 4842 1419 4892 also
1431 4845 1461 4892 be

449 4953 605 5086 indm]
624 4954 762 5017 mmm’
774 4953 831 5006 MS·
960 4921 1185 5066 reabddslllulldll
1192 4921 1254 5050 Ebc
1276 5001 1332 5051 first
1361 5002 1460 5052 written

474 5056 524 5123 est]
544 5057 687 5110 Interlmed.
960 5077 1091 5129 substituit.

1259 5165 1325 5226 u2
