4242 6159
664 998 708 1060 12
794 1008 962 1061 mmm
982 1008 1196 1062 PARISIENSIS
1216 1005 1379 1060 HISTORIA
1400 1005 1602 1058 Anatolium

496 1193 565 1246 en.
581 1200 652 1247 usa
666 1186 795 1253 dedisse
814 1207 1016 1274 responsum,
1032 1186 1112 1252 “De
1127 1191 1218 1252 stetu
1239 1191 1351 1254 vestro
1370 1187 1491 1273 futuro,
1514 1195 1549 1258 et
1570 1188 1612 1255 de
1634 1185 1715 1254 vitae

665 1296 785 1356 veetrae
821 1289 1045 1356 diuturnitate
1079 1287 1232 1367 diffinire,
1270 1287 1336 1355 Dei
1369 1295 1422 1358 est
1453 1301 1488 1363 et
1524 1295 1714 1360 senetorum

664 1393 895 1481 apostolorum,
932 1397 969 1458 et
1004 1413 1118 1459 eorum
1153 1391 1383 1473 consimilium,
1406 1397 1442 1459 et
1478 1415 1546 1460 non
1582 1409 1716 1472 meum;

665 1497 744 1584 quia
765 1517 825 1584 pro
845 1495 990 1583 peccatis
1009 1495 1092 1561 meis
1114 1494 1167 1560 hie
1188 1515 1251 1582 ego
1276 1494 1518 1581 poenitentiem,
1549 1503 1584 1564 et
1607 1499 1716 1566 adhue

664 1623 717 1667 me
731 1601 887 1667 miserum
908 1605 944 1666 et
965 1603 1168 1686 peecatorem
1189 1619 1258 1664 esse
1274 1597 1377 1665 doleo.
1423 1598 1492 1667 Sed
1513 1601 1598 1669 illud
1618 1604 1716 1670 vobis

664 1705 746 1782 diuo,
760 1701 849 1791 quud
871 1708 950 1771 unte
968 1707 1109 1768 mortem
1124 1706 1270 1768 vestram
1292 1723 1352 1789 per
1373 1705 1583 1790 septennium
1603 1706 1716 1774 dolen·

665 1807 741 1872 dem
756 1806 902 1872 incurres
923 1802 1133 1872 ‹mcitatemfi
1178 1803 1358 1892 Episcopus
1380 1811 1495 1872 autem
1516 1830 1539 1874 a
1558 1808 1630 1875 viro
1650 1810 1715 1876 Dei

663 1910 823 1989 recedens,
860 1908 981 1997 eaepius
1011 1906 1050 1973 in
1083 1907 1194 1974 animo
1226 1908 1371 1975 revolvit
1402 1930 1443 1976 ee
1472 1931 1546 1998 qum
1575 1911 1714 1981 audivit

665 2013 720 2093 Et,
744 2013 838 2098 quasi
859 2032 991 2079 securus
1013 2010 1055 2077 de
1077 2009 1175 2076 dietis
1189 2009 1297 2078 saneti
1311 2010 1456 2091 effeetus,
1472 2035 1547 2079 eum
1568 2015 1715 2083 maxima

664 2114 887 2181 sollieitudine
908 2113 1112 2180 medieorum
1135 2112 1236 2178 oeulis
1267 2113 1446 2180 medicinas
1469 2118 1732 2185 conservatives.

664 2217 830 2298 adhibuit,
852 2222 984 2283 uttam
999 2215 1074 2282 vita
1095 2237 1195 2302 quam
1215 2216 1292 2282 risu
1313 2216 1521 2286 diuturniore
1542 2220 1714 2288 frueretur.

664 2320 732 2387 Sed
762 2325 884 2400 tamen,
915 2316 1013 2386 eum¹
1047 2323 1124 2406 post
1156 2319 1263 2385 multe
1295 2341 1457 2386 annorum
1487 2321 1650 2390 curricula
1678 2324 1715 2390 in

663 2422 859 2501 valitudine,
874 2424 990 2508 quaet
1010 2427 1162 2488 mortuus
1184 2425 1243 2499 est,
1255 2443 1385 2509 pressus
1402 2423 1537 2512 jaceret,
1552 2432 1587 2494 et
1606 2449 1628 2492 e
1648 2449 1716 2494 me·

664 2526 746 2593 dieis
766 2525 848 2612 quid
869 2524 934 2591 sibi
956 2530 1041 2591 esset
1073 2523 1238 2612 egendum
1266 2524 1391 2592 curiose
1419 2527 1610 2614 requireret,
1634 2551 1716 2597 una-

664 2627 748 2694 nimi
777 2649 890 2694 omnes
911 2649 1073 2693 consensu
1095 2627 1245 2714 episeopo
1276 2627 1441 2695 dederunt
1470 2632 1653 2712 eonsilium,
1674 2639 1863 2728 utssogwee

663 2732 784 2798 emme
798 2752 867 2797 suae
880 2728 982 2796 mue
999 2727 1177 2794 elaberer
1191 2729 1390 2816 provideret,
1406 2737 1441 2799 e
1456 2754 1495 2800 ιο
1513 2735 1714 2823 ungendus,
1761 2714 1799 2767 n.
1816 2720 1853 2764 ¹¹·

664 2855 730 2920 quo
760 2856 795 2899 se
826 2832 924 2899 sciret
960 2831 1157 2898 festinanter
1186 2831 1392 2900 moriturum
1450 2834 1548 2916 Quod
1576 2837 1715 2906 audiens

664 2936 840 3022 episeopus,
872 2934 931 3015 ait,
963 2933 1133 3021 “Deeepit
1164 2956 1217 3001 me
1248 2933 1416 3016 Godricus,
1440 2938 1498 3025 qui
1524 2944 1714 3027 septennem

664 3038 747 3102 mihi
769 3037 950 3104 eeeeitatem
971 3043 1050 3104 ante
1074 3042 1216 3104 mortem
1241 3038 1423 3124 promisit.''
1467 3041 1531 3108 cui
1549 3041 1732 3129 sepientes.

665 3141 735 3227 ejus
757 3141 857 3205 amici
871 3139 1119 3227 responderunt,
1143 3146 1162 3176 “
1174 3139 1295 3206 Merito
1316 3162 1420 3208 eaeerrs
1441 3147 1477 3209 et
1497 3143 1660 3210 dicebaris
1680 3152 1734 3216 et.

665 3243 766 3321 fuisti,
789 3243 848 3330 qui
869 3243 1015 3308 existens
1037 3241 1190 3328 pontifex
1219 3247 1254 3308 et
1284 3243 1470 3310 animarum
1494 3251 1613 3333 pastor,
1637 3247 1734 3317 data.

664 3345 811 3434 pecunie,
834 3345 964 3411 comitis
994 3349 1029 3409 et
1057 3341 1236 3430 justiciarii
1270 3366 1374 3412 venus
1396 3369 1435 3413 ee
1463 3349 1622 3436 superbus
1651 3350 1735 3419 tibi.

664 3471 785 3515 nomen
807 3446 1025 3532 eumparmti3
1051 3446 1137 3512 emis
1159 3445 1360 3513 secularibus
1382 3453 1417 3516 te
1439 3450 1633 3533 immiscens,
1660 3475 1734 3540 pe.

665 3549 922 3638 regrinationem
938 3554 1032 3613 tuam
1053 3553 1178 3614 temere
1200 3551 1434 3637 postponendo.
1479 3553 1526 3618 Et
1538 3554 1586 3620 sie
1600 3576 1735 3625 verum.

666 3654 731 3720 tibi
757 3651 846 3719 dixit
869 3650 1029 3731 sanutus,2
1050 3656 1091 3716 ut
1116 3673 1220 3718 ereeue
1244 3651 1347 3732 fieres,
1370 3653 1471 3720 immo
1497 3660 1590 3721 totus
1609 3656 1734 3730 factus.

666 3779 701 3822 es
722 3754 922 3832 tenebrosus,
944 3757 1056 3819 mente
1076 3752 1201 3820 scilieet
1219 3754 1331 3841 potius
1354 3777 1453 3841 quam
1475 3778 1617 3844 corpore,
1640 3781 1735 3847 quae.

666 3857 795 3926 eaeeitae
815 3854 1048 3944 dampnosior⁸
1070 3877 1140 3923 esse
1161 3857 1280 3924 merito
1301 3858 1560 3946 comprobetur.”

499 4140 626 4219 nepos
692 4131 784 4202 Obiit
810 4128 1012 4211 willelmus,
1035 4149 1142 4197 comae
1166 4129 1207 4196 cu
1230 4127 1464 4212 Mauduuitiu,
1491 4135 1521 4198 et
1544 4129 1696 4198 tonitruus

498 4208 645 4326 gffle,
993 4231 1110 4319 faatus
1131 4238 1178 4299 est
1202 4229 1384 4299 lwrrttilie.

497 4341 567 4392 ville.

515 4423 641 4478 mm
713 4372 838 4439 Eodem
861 4390 949 4435 enno
975 4368 1069 4447 obiit,
1090 4369 1126 4433 in
1151 4367 1332 4434 multorum
1349 4367 1506 4450 dolorem,
1520 4368 1714 4450 willelmus,
1726 4385 1863 4461 Ropwnd

499 4503 617 4554 Unususl
668 4496 775 4543 eomes
797 4474 838 4540 de
861 4470 1087 4560 Magneville⁴
1130 4470 1308 4558 Nonesque
1330 4471 1444 4538 Martii
1467 4471 1573 4538 faetus
1594 4478 1645 4539 est
1662 4477 1735 4548 to..
1779 4461 1814 4512 iii.
1828 4461 1860 4508 11.

499 4571 618 4688 miae*
668 4579 775 4643 nitius
796 4574 964 4641 horribilis
984 4573 1092 4656 nimis,
1115 4595 1189 4641 eum
1204 4574 1393 4662 dampnosis
1407 4573 1734 4642 chonrseetionibus.·

704 4797 789 4864 ἀπ]
809 4798 851 4848 Οιι
864 4813 898 4848 an
910 4811 1017 4847 masura.
1246 4793 1440 4862 4Μιιςιιιαυίἱὶα]
1467 4795 1607 4847 Interiined
1626 4793 1657 4859 is,
1679 4793 1718 4846 uel

702 4876 836 4943 ’mucrad
856 4876 1059 4928 &marmure
1214 4873 1416 4943 Menapila}

702 4955 893 5023 ψωμίον]
908 4953 1053 5022 dapnosior,
1066 4953 1123 5008 MS.
