4242 6159
627 992 672 1058 80
749 1006 917 1059 narrum
938 1005 1151 1057 rrmsrausrs
1170 1006 1335 1059 normam
1355 1006 1554 1060 nuonoamr.

453 1288 521 1341 au.
536 1294 609 1342 usa
848 1284 898 1351 De
920 1284 1133 1352 coroaotr'euc
1155 1282 1244 1369 regis
1266 1282 1449 1353 Jodoumia

453 1450 525 1501 John
671 1435 735 1502 Per
756 1436 844 1501 idem
862 1440 993 1522 tempus
1007 1434 1075 1500 dux
1100 1434 1368 1501 Normannorum
1383 1435 1553 1503 Johauues
1568 1438 1864 1519 trans-ligawend.

452 1524 577 1649 {2¹¹ng
626 1539 760 1619 fretnns,
794 1539 884 1627 apud
914 1536 1099 1605 Suorham¹
1137 1537 1305 1626 applicuit,
1338 1544 1372 1604 et
1406 1539 1442 1605 in
1473 1538 1588 1625 vigilia
1611 1540 1673 1603 As-
1711 1520 1751 1557 ¹¹¹'
1766 1512 1833 1558 139·

476 1680 507 1728 2⁷
521 1676 590 1743 May.
625 1642 785 1707 censionis
823 1642 1012 1707 Londonias
1048 1641 1144 1706 venit
1182 1640 1395 1706 coronandus.
1459 1641 1674 1729 Congregatis

624 1746 727 1833 igitur
748 1745 852 1811 totius
876 1744 969 1831 regni
993 1744 1200 1831 primatibus,
1217 1766 1354 1831 quorum
1376 1749 1447 1810 crat
1469 1744 1673 1811 coronationi

624 1849 790 1927 iuteresse,
805 1849 1066 1936 archiepiscopus
1090 1846 1339 1913 Cantuariensis
1355 1847 1557 1934 H[ube1·tus]
1581 1852 1692 1913 stans.

453 1971 550 2037 speech
561 1974 592 2025 or
623 1950 660 2017 in
682 1953 790 2017 medio
822 1952 878 2028 ait,
903 1958 921 1987 “
937 1951 1020 2016 Ecce
1051 1950 1205 2015 dominus
1236 1957 1348 2017 noster
1378 1951 1448 2016 dur
1471 1951 1494 2016 J
1498 1950 1691 2037 [ohannesJ.

451 2041 507 2156 {235
519 2040 573 2156 ᾖ·
623 2054 660 2122 in
675 2076 785 2141 regem
800 2051 1048 2122 sullimandus.''
1087 2053 1251 2120 Omnibus
1266 2054 1372 2141 igitur
1387 2052 1693 2141 applaudentibus„

452 2144 542 2261 ravduf
552 2175 583 2224 or
624 2159 718 2245 quasi
739 2178 923 2222 sermonem
945 2157 1078 2237 faciens,
1101 2154 1187 2223 clero
1209 2161 1244 2221 et
1266 2156 1387 2245 populo
1417 2156 1519 2243 coepit
1553 2156 1692 2245 palam,.

450 2239 577 2359 {lsslssssto
624 2266 740 2348 utpote
754 2260 808 2323 vir
830 2256 986 2347 profundi
1009 2258 1149 2345 pectoris
1172 2263 1207 2323 et
1228 2259 1341 2347 magni
1364 2258 1500 2337 consilii,
1523 2278 1692 2323 enarrare.

451 2373 561 2452 thecue·
623 2365 665 2429 de
688 2363 787 2429 Saule
810 2363 916 2450 primo
938 2362 1077 2427 inuncto
1104 2366 1138 2427 et
1160 2362 1196 2426 in
1218 2383 1329 2448 regem
1359 2362 1471 2440 electo,
1495 2376 1609 2451 postea
1632 2360 1693 2425 de.

451 2454 557 2492 ⁰⁰⁸⁸¹⁰¹¹·
624 2466 745 2544 David,
769 2486 908 2551 quorum
930 2470 1048 2530 neuter
1071 2470 1142 2530 erat
1164 2486 1225 2530 rex
1251 2486 1310 2552 per
1325 2465 1557 2531 successionem
1581 2464 1693 2530 here.

624 2570 749 2649 ditatis,
773 2568 831 2634 sed
864 2590 951 2633 unus
985 2572 1120 2656 propter
1151 2568 1383 2633 strenuitatem
1406 2572 1441 2633 et
1463 2568 1694 2655 elegantiam„

623 2673 708 2737 alius
730 2677 863 2759 propter
895 2670 1121 2736 humilitatem
1155 2674 1189 2735 et
1216 2671 1437 2751 sanctitatem,
1467 2675 1501 2735 et
1534 2674 1694 2755 uterque.

623 2780 737 2841 tamen
768 2773 964 2839 auctoritate
998 2772 1122 2839 divina.
1170 2773 1384 2859 “Eligendus
1406 2778 1457 2839 est
1479 2770 1609 2860 igitur‚'’
1632 2778 1693 2838 ut.
1743 2812 1744 2815 =

623 2876 695 2958 ait,2
718 2877 856 2965 “potius
879 2877 1030 2965 princeps
1056 2876 1205 2943 moribus
1239 2881 1273 2942 et
1304 2876 1509 2963 praestantia,
1538 2874 1692 2962 potiusl.

622 3004 722 3068 quam
754 2981 861 3047 carnis
890 2985 950 3046 aut
982 2980 1153 3069 sanguinis
1183 2980 1428 3067 propagatione.
1488 2978 1579 3044 Hinc
1612 2982 1694 3059 est,.

624 3084 715 3170 quod
731 3083 905 3149 dominum
927 3083 1044 3149 ducem
1067 3081 1122 3148 hic
1136 3088 1331 3169 praesentem
1354 3082 1378 3147 J
1380 3081 1542 3149 ohannem
1563 3081 1600 3147 in
1622 3103 1693 3146 re-.

623 3210 707 3275 gem,
732 3186 828 3274 quasi
850 3190 1074 3273 praestantem,
1098 3186 1233 3273 insuper
1254 3185 1358 3272 regali
1380 3184 1576 3252 stemmate⁴
1599 3206 1693 3270 pro·.

623 3297 779 3367 creatum,
811 3290 848 3354 in
877 3310 988 3375 regem
1013 3288 1165 3375 eligimus
1195 3295 1230 3354 et
1260 3287 1401 3354 electum
1423 3286 1692 3355 consecramus.''.

623 3393 670 3459 Et
691 3391 859 3458 admirans
880 3396 955 3457 tota
987 3391 1185 3456 universitas
1207 3390 1301 3478 regni
1323 3412 1424 3477 quare
1446 3390 1517 3457 hseo
1540 3389 1691 3468 dixerit„

623 3494 688 3561 nisi
710 3494 796 3559 forte
831 3498 965 3581 propter
986 3493 1183 3571 Arthurum,
1205 3493 1299 3579 cujus
1321 3494 1585 3561 vendicationem
1606 3492 1693 3557 for-.

451 3619 560 3671 Oathor
623 3597 809 3674 midaverit,
843 3596 1051 3674 exclamavit,
1086 3596 1226 3663 “Vivat
1256 3594 1367 3661 rexl''
1410 3594 1452 3661 In
1478 3597 1538 3662 hac
1567 3594 1691 3683 igitur.

449 3684 605 3805 ᾗζξζῃζῑῆξῗ
622 3700 832 3767 coronatione
854 3721 915 3765 rex
936 3698 960 3764 J
962 3699 1136 3786 [ohannes]
1161 3698 1284 3787 triplici
1307 3698 1473 3786 obligatus
1494 3705 1545 3765 est
1567 3720 1673 3765 sacra-

605 3792 744 3882 mento,
768 3802 857 3889 quod
879 3800 1035 3868 videlicet
1057 3807 1204 3868 sanctam
1228 3801 1395 3868 ecelesiam
1417 3808 1453 3868 et
1481 3802 1551 3888 ejus
1584 3802 1858 3894 ordi-Rpg.wenn.

623 3912 720 3973 natos
752 3910 974 3984 veneraretur,
1008 3910 1043 3971 et
1077 3927 1146 3971 eam
1179 3905 1223 3970 ab
1253 3906 1387 3971 incursu
1417 3904 1672 3993 malignantium
1707 3896 1748 3931 ¹¹¹·
1765 3888 1827 3935 ¹⁴⁰·

625 4008 837 4097 indempnem
859 4012 1087 4089 conservarem
1107 4012 1142 4073 et
1165 4005 1262 4093 quod,
1285 4006 1447 4093 perversis
1468 4008 1597 4094 legibus
1619 4008 1674 4074 de-

623 4112 766 4189 structis,
788 4110 892 4176 bonas
913 4109 1113 4176 sustineret⁵
1128 4114 1163 4175 et
1186 4114 1310 4174 rectam
1328 4108 1497 4193 justitiam
1514 4110 1552 4174 in
1573 4132 1674 4197 regno

626 4214 759 4303 Angliae
790 4211 978 4279 exerceret.⁰
1032 4211 1162 4278 Deinde
1194 4212 1366 4297 adjuratus
1400 4218 1450 4277 est
1483 4212 1525 4277 ab
1557 4213 1673 4279 eodem

623 4316 866 4405 archiepiscopo
895 4320 1055 4403 exparte
1087 4314 1161 4394 Dei,
1184 4319 1218 4380 ct
1241 4314 1392 4381 districte
1415 4314 1611 4401 prohibitus,
1631 4338 1674 4382 ne

624 4421 781 4486 honorem
803 4420 891 4485 hunc
923 4419 1065 4506 recipere
1095 4424 1315 4505 praesumeret,
1338 4418 1404 4484 nisi
1426 4418 1462 4483 in
1485 4425 1595 4485 mente
1617 4419 1674 4485 ha·

671 4608 738 4613 --—
788 4608 813 4613 .-
843 4608 853 4612 ..
868 4607 1023 4613 -—--—-—
1035 4605 1670 4613 ——ffl-——hm-.-.

664 4721 671 4751 ¹
684 4718 819 4786 Scortum]
839 4720 953 4781 sartam,
960 4718 1003 4771 W.
1016 4720 1046 4770 B.
1058 4720 1088 4773 C.
1100 4718 1129 4771 F.
1208 4719 1362 4785 *alcmmuld
1382 4726 1494 4782 stemate,
1505 4720 1561 4771 MS.

662 4800 711 4847 θυι
722 4800 772 4865 ait]
791 4800 885 4850 Added
895 4799 922 4849 in
934 4814 1013 4865 marg.
1209 4800 1219 4828 ⁵
1229 4799 1369 4865 sustineret]
1379 4800 1547 4859 substitueret,
1555 4800 1596 4851 W.
1604 4800 1634 4851 B.
1645 4803 1674 4851 C.

663 4879 777 4944 ’potiuc]
803 4880 940 4931 Interlined
967 4880 1017 4930 and
1044 4894 1130 4944 super·
1210 4884 1363 4950 ἐπενοενει]
1382 4891 1532 4942 excerceret,
1543 4882 1599 4936 MS.

630 4957 920 5019 ssuouubntalsoiul'.
