4242 6159
568 1051 636 1115 418
694 1064 862 1118 maram
883 1042 1098 1120 rmrsmirsm
1121 1069 1286 1123 maroam
1307 1070 1509 1126 arenosam.

401 1246 469 1301 Μ).
484 1240 695 1320 recedemus,
730 1241 809 1309 licet
840 1204 1038 1332 competens,
1074 1249 1110 1312 et
1145 1246 1333 1333 postulatus
1360 1248 1397 1313 in
1435 1248 1624 1337 episcopum

399 1339 563 1457 gidnfflr
572 1342 846 1427 wintoniensem,
862 1348 1031 1435 episcopus
1046 1347 1260 1415 Cicestrensis
1282 1348 1492 1438 Radulphus,
1502 1352 1626 1417 scilicet

399 1472 523 1524 wiehan-
573 1446 795 1528 cancellarius,
809 1449 865 1515 vir
879 1450 1012 1536 quidem
1033 1450 1182 1532 idoneus,
1198 1458 1233 1521 et
1254 1453 1346 1520 inter
1366 1476 1480 1521 omnes
1501 1454 1625 1521 aulicos

400 1539 496 1592 ΝΜ
572 1569 674 1635 regno
695 1551 911 1620 fidelissimae
1034 1611 1038 1619 .

608 1782 657 1850 De
679 1782 836 1852 electiore
862 1782 1027 1853 Willelma'
1051 1782 1094 1851 de
1116 1782 1204 1924 Rois
1225 1782 1270 1852 ios
1289 1782 1487 1872 episcopam
1510 1782 1583 1852 Oce·

1018 1892 1173 1955 traceam

314 2009 319 2019 ’
431 2036 537 2089 aeneo.
619 2020 715 2089 Circa
736 2024 857 2089 festum
878 2044 958 2089 vero
988 2021 1098 2089 sancti
1132 2022 1281 2105 Mathiae,
1310 2022 1463 2090 monachi
1496 2022 1625 2091 Ooven-

400 2128 561 2249 ξῑγξιοιῐίῗὲοί
574 2128 705 2191 trenses.
722 2125 888 2245 timentes,
910 2148 953 2192 ne
984 2126 1014 2192 si
1046 2126 1192 2244 alicuem
1223 2123 1314 2192 ncn⁹
1342 2126 1499 2193 curialem
1524 2124 1625 2242 elige-

401 2228 1515 2397 norman
1536 2230 1624 2395 er

569 2353 709 2500 armani
727 2433 768 2499 ce
784 2433 875 2513 mn,
893 2434 1087 2500 anonam
1109 2434 1253 2503 eccesia
1275 2354 1521 2501 Sanetipi‘auli’
1534 2433 1622 2501 non-

568 2534 755 2617 doniarum,
779 2536 907 2601 domini
932 2536 1021 2627 regis
1044 2536 1199 2603 clericum
1220 2537 1394 2625 specialem
1416 2542 1450 2603 et
1472 2536 1622 2602 consilio-

566 2636 654 2701 rium
697 2638 903 2718 familiarem,
939 2638 1052 2705 virum
1089 2638 1268 2707 discretum
1301 2645 1336 2706 et
1373 2639 1484 2727 legum
1518 2642 1621 2705 temae

565 2740 719 2827 peritum,
734 2739 773 2806 in
792 2742 1098 2847 episcopum'suum
1119 2742 1184 2809 sibi
1206 2742 1385 2828 elegerunt

657 2992 808 3061 Reddita
829 2999 876 3061 cst
897 2991 1088 3062 Fretlwrico
1109 2992 1314 3083 irapcratom’
1335 2992 1538 3064 Sardoam?

402 3162 521 3217 Sardinia
614 3144 714 3212 Anno
737 3166 867 3232 quoquc
890 3144 953 3211 sub
975 3145 1090 3211 eodem
1114 3144 1277 3211 Sardania
1299 3145 1432 3211 reddita
1453 3149 1503 3211 est
1518 3145 1624 3232 impe-

399 3234 548 3348 }{ffiw
570 3248 675 3313 ratori
698 3248 897 3326 Fretherico,
928 3251 1045 3313 contra
1066 3247 1196 3313 domini
1224 3269 1319 3335 papae
1347 3247 1555 3313 voluntatem
1585 3254 1621 3314 et

399 3379 482 3429 perot.
571 3350 837 3438 prohibitionem.
884 3349 1002 3431 Quam,
1017 3350 1096 3416 licet
1110 3372 1197 3437 papa
1219 3350 1343 3415 offenso
1358 3355 1393 3415 et
1414 3350 1622 3427 reclamante,

571 3459 607 3521 et
636 3458 803 3519 asserente
833 3453 917 3519 illud
951 3454 995 3519 ad
1022 3452 1080 3540 jus
1110 3452 1202 3519 beati
1224 3452 1317 3519 Petri
1338 3452 1511 3541 pertinere,
1532 3453 1620 3519 idem

570 3557 751 3643 imperator
771 3556 915 3622 libenter
946 3556 1100 3644 suscepit,
1132 3560 1167 3622 et
1200 3555 1344 3623 contulit
1373 3577 1511 3644 regnum
1536 3555 1621 3622 illud

569 3658 680 3737 Ensio,
703 3659 775 3726 filio
804 3681 873 3737 suo,
896 3659 1007 3725 dicens
1038 3682 1073 3726 se
1100 3658 1229 3746 jurasse
1260 3680 1414 3725 revocare
1437 3658 1618 3746 obligatum

494 3782 500 3793 ¹
568 3762 716 3850 dispersa
729 3762 870 3851 imperii,
886 3766 921 3827 et
943 3762 1027 3828 illud
1049 3784 1198 3850 regnum,
1214 3784 1287 3828 cum
1311 3761 1354 3827 de
1374 3761 1511 3849 imperio
1526 3766 1619 3839 esset,

567 3888 628 3954 per
649 3865 890 3953 negligentiam
912 3866 1150 3952 imperatorum
1173 3870 1416 3931 antecessorum
1446 3868 1482 3931 et
1502 3864 1621 3929 vendi·

566 3970 752 4035 cationem‘
794 3969 893 4035 curiae
931 3968 1091 4035 Romanae
1128 3968 1254 4034 dudum
1292 3967 1393 4034 fuisse
1429 3968 1617 4033 alienatum.

567 4071 623 4136 Ex
644 4076 727 4137 tunc
748 4072 855 4159 igitur
877 4075 988 4137 ortum
1011 4077 1063 4137 est
1086 4071 1197 4137 odium
1220 4069 1421 4137 inexorabile
1444 4069 1533 4136 inter
1561 4068 1620 4134 dc·

565 4174 696 4239 minum
733 4196 854 4261 papam
893 4179 928 4239 et
969 4174 1203 4261 imperatorem
1234 4172 1499 4261 F[rethericum],
1530 4171 1619 4258 quod

564 4298 735 4363 nunquam
772 4282 887 4363 postea
917 4277 1030 4364 potuit
1061 4276 1218 4365 mitigari,
1242 4276 1299 4343 sed
1332 4275 1450 4343 diatim
1481 4272 1620 4341 infelix⁵

564 4379 712 4467 suscepit
733 4379 981 4447 incrementum.

596 4658 604 4688 ¹
620 4656 652 4708 In
663 4656 706 4709 the
716 4656 817 4723 margin
827 4657 850 4708 is
861 4658 948 4709 drawn
965 4658 1065 4709 amine
1111 4656 1177 4708 table
1193 4652 1380 4719 laetitiamve!
1392 4656 1409 4716 ι’,
1422 4654 1472 4717 i.e.,
1482 4652 1615 4713 δἀνάίιιίας

562 4736 654 4803 falling
665 4740 748 4800 down,
766 4738 950 4789 andacroaier
968 4738 1066 4789 broken
1112 4740 1201 4789 andsc
1212 4735 1320 4802 egainin
1327 4736 1370 4787 the
1378 4742 1436 4786 text
1444 4734 1616 4799 immediately

561 4815 591 4866 in
604 4816 699 4868 hnlvea
763 4806 768 4815 ’
1112 4816 1251 4883 following.

593 4898 604 4925 ²
620 4895 681 4962 aon]
695 4896 834 4948 Interlined
844 4899 880 4963 by
891 4912 906 4948 a
916 4896 981 4947 later
988 4894 1065 4947 hand„
1146 4899 1190 4947 *ιε
1199 4894 1401 4963 analecticam]
1416 4894 1615 4947 Onancmmre.

592 4976 603 5005 ⁸
622 4973 766 5041 Sarrana]
781 4976 851 5029 Orcr
860 4976 904 5027 the
915 4976 1067 5041 cecondryl·
1147 4978 1157 5007 ⁸
1173 4974 1275 5044 infelix]
1289 4976 1397 5039 infelix,
1408 4974 1465 5027 MS.
