4242 6159
561 994 626 1060 284
697 1009 864 1058 irai-ram
887 1006 1101 1059 marsiensis
1124 1007 1288 1057 mercam
1309 1005 1511 1058 suanorum.

392 1189 461 1240 Μ).
476 1195 548 1241 ¹22⁶·
559 1183 772 1268 pervenisset,
787 1191 951 1248 venerunt
974 1180 1018 1247 ad
1043 1202 1129 1259 eum,
1152 1181 1362 1269 S[tephano]‚
1378 1179 1612 1249 cantuariensi

559 1284 810 1370 archiepiscopo,
833 1288 1037 1370 procurante,
1050 1282 1159 1349 literae
1175 1283 1301 1350 domini
1322 1306 1425 1370 papae,
1439 1285 1477 1350 in
1492 1285 1611 1371 quibus

560 1388 795 1453 continebatur
817 1407 1019 1473 expressum,
1040 1387 1223 1464 utstatim,
1240 1385 1320 1452 visis
1341 1387 1456 1466 literis,
1473 1387 1609 1452 Romam

559 1490 690 1566 rediret,
704 1489 775 1575 ejus
796 1493 961 1575 potestate
983 1488 1117 1574 penitus
1139 1493 1304 1554 enervata
1339 1479 1475 1554 Talibris
1490 1487 1610 1576 igitur¹

558 1592 666 1658 literis
691 1592 857 1678 inspectis,
884 1591 1025 1656 demisso
1050 1589 1148 1655 vultu
1174 1613 1230 1656 eas
1254 1590 1394 1676 projecit
1430 1592 1611 1678 inignem,

559 1701 659 1780 atque
681 1694 765 1770 ilico,
789 1692 957 1780 proposito
987 1697 1129 1768 mutato,
1152 1692 1196 1758 ab
1220 1692 1344 1779 Anglia
1372 1695 1506 1759 recessit
1535 1715 1612 1759 con-

559 1798 713 1862 tristatus
726 1793 757 1878 3⁹
790 1796 939 1881 injuncto
974 1794 1154 1881 Stephano,
1190 1793 1423 1861 Cantuariensi
1452 1797 1635 1883 archiepi.

559 1922 664 1988 scopo,
681 1900 768 1964 sicut
784 1903 856 1965 erat
877 1897 914 1962 in
936 1897 1042 1962 literis
1064 1896 1191 1962 domini
1215 1919 1310 1984 papae
1337 1921 1535 1984 expressum,
1563 1903 1611 1976 ut,

559 2002 747 2068 convocatis
768 2021 846 2087 rege
868 2004 902 2065 et
925 1999 1080 2064 omnibus
1095 1999 1227 2085 Angliae
1249 1999 1405 2085 praelatis,
1420 2023 1611 2087 responsum

560 2126 674 2171 eorum
696 2124 795 2189 super
816 2101 960 2188 negotio,
976 2123 1036 2188 pro
1051 2122 1117 2187 quo
1134 2100 1222 2166 idem
1240 2101 1346 2167 Ottho
1361 2103 1482 2168 missus
1495 2104 1613 2181 fuerat,

392 2216 499 2267 ranucii
561 2207 695 2271 domino
717 2226 811 2291 papae
833 2204 1062 2269 transmittere
1077 2224 1144 2268 non
1160 2204 1304 2270 omittat.
1335 2204 1495 2291 Magistro
1510 2206 1613 2292 igitur

392 2284 489 2333 ''dd'‘
562 2308 710 2373 Otthone
749 2306 932 2383 recedente,
972 2305 1171 2392 Stephanus,
1214 2304 1463 2372 Cantuariensis
1508 2309 1614 2380 archi-

391 2350 541 2400 westmins-

392 2417 532 2534 &licitiae
561 2411 738 2497 episcopus,
762 2408 951 2473 convocatis
977 2407 1020 2472 ad
1042 2407 1216 2473 concilium
1242 2409 1370 2474 cunctis
1393 2409 1480 2496 apud
1504 2409 1614 2475 West-

392 2551 535 2614 pope’slet-
561 2511 806 2590 monesterium,
830 2507 936 2596 quos³
966 2510 1137 2595 negotium
1172 2511 1341 2599 tangebat,
1372 2512 1504 2577 recitari
1535 2512 1614 2578 fecit

392 2625 496 2666 amare
561 2615 676 2679 literas
690 2612 929 2700 suprascriptas
950 2613 991 2678 de
1013 2612 1180 2678 beneficiis
1196 2612 1355 2679 Romanae
1381 2613 1523 2681 ecclesiae
1538 2637 1614 2680 con-

392 2683 532 2813 mppr·
560 2716 704 2782 ferendis
734 2737 843 2780 coram
873 2737 949 2802 rege
974 2714 1201 2802 praelatisque⁴
1222 2715 1362 2803 Angliae,
1395 2717 1452 2802 qui
1478 2718 1521 2782 ad
1544 2717 1614 2802 ejus

392 2816 524 2868 bonanae.
561 2819 769 2885 vocationem
801 2818 896 2904 plene
927 2823 1165 2883 convenerant.
1215 2818 1289 2899 Sed,
1321 2818 1388 2883 illis
1419 2819 1544 2884 auditis
1574 2837 1793 2902 arnogwena.

562 2921 739 3009 diligenter
760 2920 947 2999 intellectis,
970 2919 1093 3007 singuli
1120 2919 1266 3006 singulos
1288 2921 1466 2999 intuentes,
1490 2922 1531 2986 de
1555 2943 1632 2987 no-·
1649 2906 1684 2956 iv.
1700 2912 1759 2959 ¹²⁴·

561 3025 666 3090 vitate
681 3022 963 3110 quamplurimum
986 3021 1246 3089 admirabantur.
1281 3021 1354 3088 Rex
1369 3022 1481 3110 igitur,
1497 3023 1634 3090 habito·

560 3148 658 3213 super
694 3125 755 3192 hoc
793 3125 928 3190 consilio
965 3124 1130 3210 diligenti,
1157 3119 1251 3188 tam⁶
1282 3133 1475 3213 magnatum
1513 3149 1632 3212 quam.

536 3237 539 3244 '
560 3228 780 3318 prolatorum,
795 3248 1002 3314 nequaquam
1025 3227 1213 3292 consensit.⁰

939 3503 1127 3590 Rapaato
1153 3503 1248 3591 repis.
1329 3549 1335 3562 .

607 3650 699 3714 Tunc
721 3671 789 3727 rex,
813 3651 1002 3716 convocatis
1035 3671 1181 3716 seorsum
1208 3651 1354 3739 praelatis
1376 3673 1451 3719 cum
1477 3653 1613 3739 quibus·
1625 3675 1794 3740 Rogwena
1871 3646 1886 3698 ἴ

562 3753 638 3817 dam
672 3751 893 3838 magnatibus,
927 3751 988 3816 hoe
1017 3752 1259 3840 archiepiscopo
1290 3753 1383 3819 dedit
1413 3776 1611 3841 responsum,
1652 3743 1689 3794 iv.
1703 3749 1761 3798 me

562 3862 579 3890 ‘⁸
595 3855 674 3932 Ista,
699 3876 772 3940 quae
794 3855 912 3920 suadet
933 3854 1029 3919 nobis
1051 3877 1145 3942 papa,
1169 3857 1333 3922 universae
1350 3856 1614 3924 Christianitatis

563 3955 777 4022 latitudinem
800 3956 1064 4042 respiciunt;.et
1079 3958 1235 4044 quoniam
1260 3979 1321 4032 nos
1344 3959 1439 4044 quasi
1455 3959 1492 4024 in
1507 3965 1616 4026 extre-

595 4232 601 4262 ¹
619 4231 721 4282 Taliter
739 4232 828 4300 ἱρέων]
856 4233 897 4283 On
909 4248 941 4282 an
954 4248 1062 4283 erasure.
1113 4235 1169 4283 four
1181 4233 1245 4284 lines
1262 4235 1293 4284 of
1305 4235 1349 4285 the
1361 4235 1470 4300 original
1483 4243 1546 4297 text,
1558 4253 1615 4287 nov

560 4313 592 4362 In
603 4311 645 4363 W.
657 4313 689 4362 B.
702 4311 740 4371 C.‚
755 4309 859 4374 obliquo
871 4312 946 4375 ipitur
955 4310 1030 4361 ocula
1112 4313 1229 4377 partially
1242 4315 1339 4373 erased,
1351 4315 1398 4364 but
1417 4315 1531 4380 reading,
1543 4332 1571 4366 as
1587 4317 1614 4366 in

593 4391 785 4457 ²coarriatotus]
804 4391 893 4455 Pertly
910 4406 943 4440 on
955 4406 1064 4449 erasure,
1111 4393 1153 4443 W.
1160 4393 1190 4442 Β.
1202 4394 1238 4448 0.,
1250 4391 1340 4458 singuli
1362 4392 1470 4460 singulos
1484 4394 1520 4443 ad
1539 4397 1616 4445 risum

560 4473 612 4520 and
632 4469 771 4536 originally
788 4470 915 4535 conserua,
934 4485 963 4520 as
980 4469 1008 4519 in
1020 4470 1062 4521 W.
1111 4473 1616 4539 movebaneaperconcupiscentialem-

560 4550 592 4600 Β.
605 4551 634 4601 C.
1111 4569 1203 4610 rorum,
1219 4553 1263 4616 qui
1283 4550 1344 4602 illud
1357 4551 1446 4603 morale
1464 4569 1510 4603 aaa
1529 4543 1617 4604 inlelli-

593 4632 604 4660 ⁸
614 4630 686 4695 quoe]
707 4628 747 4680 On
758 4645 792 4678 nn
803 4644 910 4680 erasure.
1109 4639 1177 4697 punt,
1187 4631 1307 4682 videlicet:

593 4711 673 4774 ΗΜ]
692 4709 840 4760 Interlined.
1144 4715 1159 4739 ‘¹
1175 4710 1247 4771 Quod
1250 4711 1321 4774 socii
1329 4712 1407 4761 virtus
1426 4711 1518 4776 [odius
1530 4712 1616 4778 reddit,

593 4792 603 4820 ⁸
615 4789 676 4853 tom]
696 4796 758 4846 tum,
770 4788 826 4840 MS.
1204 4791 1234 4840 B.
1244 4791 1353 4856 C.],aoa
1364 4792 1444 4856 copia,
1452 4791 1617 4856 sufficientur,

593 4866 704 4932 ‘stapulo'
715 4903 722 4917 .
733 4903 741 4917 .
754 4903 760 4918 .
773 4904 780 4917 .
791 4868 927 4934 remearit]
948 4869 1063 4918 Writteu
1170 4868 1210 4920 Er
1231 4887 1278 4918 aon
1295 4877 1442 4935 paupertas,
1464 4870 1507 4921 red
1533 4873 1618 4922 mertis

561 4963 622 4998 ona
643 4947 714 5011 piece
734 4947 764 4996 of
777 4948 871 4997 vellum
894 4949 984 5012 posted
1002 4963 1064 4999 orer
1205 4948 1435 5014 hiatus,cpcnleau’'
1544 4995 1548 5004 .
