4242 6159
567 1041 633 1106 388
687 1048 855 1101 murum
875 1046 1088 1099 resumam
1108 1046 1274 1101 111s'r0n1n
1293 1046 1499 1103 suenum

403 1336 473 1390 nu.
487 1344 559 1393 ηπ.
848 1323 899 1391 De
918 1321 1098 1392 Pateriaeis
1119 1328 1151 1391 et
1171 1323 1345 1412 Brdqaria.

400 1455 505 1536 mneos
620 1452 715 1519 Circa
736 1451 808 1517 dies
828 1456 942 1517 autem
960 1450 1036 1517 illos
1056 1450 1200 1517 invaluit
1215 1447 1392 1518 haeretioa¹
1414 1450 1623 1537 perversitas,

402 1523 553 1641 m„
575 1576 688 1621 eorum
709 1554 867 1620 videncet
895 1550 955 1638 qui
983 1552 1170 1640 vngmer
1197 1552 1349 1619 ruerus
1377 1552 1432 1618 vu
1461 1553 1623 1639 surgam

401 1656 542 1708 terimam
575 1658 739 1736 dicontur,
762 1658 800 1721 in
822 1655 974 1743 partibus
1002 1654 1241 1741 Transalpinis,
1265 1656 1307 1721 de
1332 1675 1475 1741 quorum
1504 1655 1622 1720 errori-

401 1722 523 1789 Bougm
572 1760 636 1826 hus
665 1760 753 1825 malo
785 1764 894 1825 taoere
927 1756 1054 1844 qnam²
1086 1756 1187 1843 loqui,
1218 1756 1275 1824 vel
1307 1761 1412 1823 sectas
1442 1757 1622 1823 eorundem

572 1862 732 1943 recitare3
754 1883 829 1949 quas
858 1860 941 1925 adeo
962 1859 1070 1925 erevit
1091 1858 1297 1947 pullulando,
1318 1860 1407 1946 quod
1427 1858 1508 1925 fidei
1528 1858 1619 1946 puri-

571 1971 676 2032 tatem
697 1966 736 2030 in
756 1963 879 2028 finibus
896 1961 1046 2029 Franoiae
1068 1966 1103 2029 et
1125 1960 1293 2030 Flendriae
1312 1962 1493 2029 enormiter
1509 1983 1620 2028 maeu-

401 2064 523 2133 Minyas
572 2067 665 2134 lavit
700 2066 767 2133 Sed
780 2064 935 2151 diligenti
956 2064 1144 2130 ministerio
1158 2070 1193 2131 et
1207 2064 1371 2131 indefessa
1385 2064 1620 2152 praedieatione

400 2150 522 2267 baffi}
572 2175 761 2237 sanctorum
777 2167 1006 2254 theologorum
1020 2166 1279 2243 Praedicaturum
1296 2172 1331 2233 et
1345 2167 1522 2244 Miserum,
1534 2188 1619 2255 prae-

400 2266 503 2395 ffiflfbm,
571 2274 667 2361 cipue
688 2270 843 2359 magistri
870 2273 906 2335 et
935 2267 1049 2334 fratris
1072 2268 1220 2347 Roberti,
1249 2274 1468 2357 cognomento
1497 2270 1617 2357 Bugre,

399 2402 534 2452 ‚mm
572 2376 630 2462 qui
652 2374 699 2439 sie
720 2372 829 2437 dietus
851 2374 910 2449 est,
937 2370 1016 2456 quia
1047 2371 1246 2459 quandoque
1275 2372 1354 2437 talis
1380 2377 1461 2453 erat,
1484 2372 1619 2438 confina

399 2464 494 2531 Bugre.
571 2483 623 2543 est
641 2496 755 2542 eorum
772 2472 964 2560 superstitio
980 2477 1016 2538 et
1032 2493 1124 2540 error
1144 2474 1385 2562 deprehensus;
1404 2472 1495 2555 unde
1511 2476 1618 2540 foetus

570 2578 707 2645 malleus
736 2575 975 2654 haereticum
1004 2581 1177 2642 aecusator
1198 2581 1235 2643 et
1257 2578 1486 2666 deprehensor,
1511 2576 1619 2643 multa

567 2680 661 2745 milia
682 2680 720 2744 in
741 2699 844 2765 regno
875 2676 964 2765 regis
996 2675 1206 2759 Francorum,
1239 2680 1297 2766 qui
1330 2680 1438 2745 eidem
1472 2679 1617 2745 Roberto

566 2782 729 2850 auxilium
750 2779 910 2869 prestitit
938 2778 1094 2859 mihtare,
1116 2780 1270 2847 inoendio
1292 2781 1372 2849 feeit
1400 2780 1520 2847 talium
1540 2803 1619 2847 oon·

565 2886 707 2974 flagrari
754 2884 801 2949 Et
828 2888 904 2970 post
933 2904 1062 2972 paucos,
1092 2888 1192 2971 prout
1221 2888 1371 2972 tempore
1398 2906 1457 2949 suo
1480 2883 1618 2961 dicetur,

565 2990 654 3055 idem
675 2987 850 3066 Rohertus,
880 2992 920 3052 ut
950 2983 1097 3065 dieitur,⁸
1120 2986 1209 3075 quod
1238 2991 1290 3053 est
1318 2986 1481 3067 mirabile,
1503 2987 1540 3052 in
1565 3009 1617 3051 nr-

567 3115 643 3159 eum
665 3112 806 3179 pravum
829 3092 879 3156 est
901 3087 1065 3157 reflexus*

708 3323 759 3393 De
780 3324 931 3414 quodum
953 3322 1119 3413 colloquio
1141 3322 1255 3392 habito
1277 3322 1478 3393 londoniis.

396 3414 552 3534 {iiilffm
616 3449 741 3518 Eodem
771 3472 901 3538 quoque
931 3472 1028 3532 anno,
1059 3448 1133 3519 nn⁰.
1160 3410 1321 3517 kalendas
1351 3450 1444 3530 Maii,
1483 3470 1616 3539 congre·

398 3550 514 3602 undas
569 3554 641 3641 gari
664 3559 745 3621 gunt
773 3553 907 3642 Angliae
934 3557 1108 3641 magnates
1139 3553 1322 3621 Londoniis
1343 3554 1386 3619 ad
1408 3554 1616 3643 colloquium,

414 3643 447 3689 ²⁸
458 3638 541 3705 April
571 3658 612 3723 de
626 3653 791 3745 negotiis⁶
805 3656 902 3743 regni
916 3656 1102 3723 tractaturi
1134 3655 1399 3722 Admirahantur
1413 3656 1504 3723 enim
1518 3657 1617 3723 multi

355 3729 361 3740 ‚
396 3730 555 3850 fflffm
570 3760 783 3847 indignantes
796 3758 1020 3837 vehementer,
1038 3758 1128 3845 quod
1146 3780 1207 3824 rex
1228 3758 1330 3825 nimis
1352 3765 1387 3825 et
1409 3782 1502 3826 secus
1517 3781 1616 3846 quam

398 3864 547 3916 thenvour
570 3862 708 3942 deoeret,
730 3863 799 3928 suis
828 3861 949 3949 spretis
971 3867 1006 3927 et
1028 3860 1168 3948 repulsis
1190 3860 1377 3928 hominibus
1399 3863 1616 3941 naturalibus,

395 3929 445 4049 {12⁰
447 3932 537 4077 {235
569 3964 781 4048 Willelmum,
795 3963 936 4031 electum
948 3962 1177 4043 Valentinum,
1189 3985 1288 4050 quem
1303 3964 1505 4031 avunculum
1518 3986 1615 4030 suum

396 4064 759 4197 ffiffifflappenml’
794 4066 1002 4153 sequebatur,
1027 4067 1123 4153 quasi
1155 4067 1303 4156 pupillus
1333 4089 1430 4133 snum
1459 4072 1616 4146 tutorem,

396 4169 524 4251 vilense
569 4170 756 4237 venerando
787 4175 822 4236 et
850 4168 888 4235 in
917 4168 1071 4234 omnibns
1101 4168 1367 4257 obtemperando.
1416 4170 1522 4257 Super
1550 4192 1615 4256 quo

539 4316 545 4329 ·
569 4296 629 4340 rex
650 4272 771 4339 aeriter
792 4276 969 4358 correptus,
992 4269 1125 4336 securo⁰
1145 4271 1183 4335 in
1200 4270 1262 4340 hoe
1283 4292 1418 4339 excessu
1439 4272 1617 4360 spopondit

394 4346 550 4466 ἓξὲξ
568 4376 841 4445 emendationem.
885 4374 932 4440 Et
953 4379 1035 4441 tune
1051 4395 1132 4441 sane
1153 4374 1323 4462 provisum
1344 4380 1403 4453 est,
1427 4381 1475 4455 ut,
1496 4376 1616 4441 amotis

394 4482 558 4601 3¹32?qu
568 4481 685 4547 multis
719 4477 977 4557 vieeoomitibus‚
1019 4475 1078 4542 elii
1120 4475 1411 4560 substituerentur,
1449 4498 1488 4543 eo
1525 4476 1613 4565 quod

394 4618 506 4669 mlum
601 4692 748 4760 ¹toeretica]
766 4690 882 4754 henum,
892 4691 950 4745 MS.
1111 4688 1381 4757 nergin,“dutium.”
1415 4690 1464 4743 See
1482 4688 1613 4755 heroester,

598 4772 706 4838 ‘reem
727 4774 933 4865 ormense
1111 4785 1136 4835 p.
1149 4775 1206 4823 415.

598 4852 761 4997 sur]
779 4852 1067 4998 rursm
1146 4880 1279 4950 o]

566 5010 617 5062 this
643 5010 784 5076 paragraph
810 5010 833 5062 is
859 5010 951 5062 vriren
973 5011 1001 5061 in
1023 5008 1067 5059 tho
1145 4992 1261 5060 'mni
1280 4992 1384 5045 Alfil'ssl
1395 4991 1539 5046 ”litem
