4242 6159
666 1092 893 1147 carmena
914 1092 1016 1146 arms
1037 1092 1194 1157 emmor,
1216 1091 1283 1145 vra.
1306 1092 1429 1147 remu.
1503 1078 1567 1145 883

560 1357 611 1431 Da
633 1359 785 1451 epiecopo
808 1357 1045 1427 amaeam
1069 1360 1206 1445 Repeto,
1233 1358 1361 1429 vatata
1383 1358 1541 1451 capellare
1581 1370 1650 1429 al).
1665 1377 1738 1431 laea.

816 1461 1004 1533 (lauceiaoe
1030 1485 1053 1531 a
1075 1461 1290 1533 taranta}

567 1618 756 1709 Eodemque
778 1642 865 1687 auno
888 1619 1056 1711 epiecopus
1079 1619 1316 1687 bondoniensis
1337 1618 1494 1709 Rogems,
1516 1619 1570 1685 vir
1581 1630 1690 1697 Theop.
1702 1630 1731 1681 ot

523 1723 656 1809 quidem
679 1724 803 1810 optime
825 1723 978 1790 literatus
1001 1728 1036 1789 et
1057 1723 1237 1811 religiosus,
1254 1746 1328 1789 cum
1350 1722 1569 1789 intellexisset
1579 1699 1694 1832 {32¹2ssss
1705 1772 1732 1815 ,0

522 1824 583 1890 hos
606 1824 782 1893 Gaurainos
807 1848 923 1893 uemaa
949 1826 1019 1892 sine
1045 1826 1270 1893 erubescentia
1291 1826 1400 1915 palam
1416 1826 1568 1913 frequen·
1579 1835 1739 1900 expertem.

522 1930 605 2007 tare,
641 1930 812 2017 vitamque
842 1928 1033 1995 insolitam⁸
1071 1928 1239 2011 deducere,
1277 1930 1365 1995 viros
1402 1928 1570 2017 religiosos

495 2022 498 2027 ’
522 2031 757 2119 simpliciores⁸
779 2033 927 2121 fatigare,
944 2033 1181 2121 pecuniamque
1204 2037 1431 2120 argumentose
1446 2053 1571 2098 coacer-

523 2157 612 2217 vare,
627 2141 809 2202 commotus
824 2140 875 2203 est
897 2141 932 2202 et
952 2135 1066 2217 iratus,
1082 2142 1116 2202 et
1139 2135 1210 2202 zelo
1227 2136 1370 2222 justitiae
1385 2133 1572 2215 accinctus}

525 2260 638 2305 omues
659 2239 733 2306 illos
763 2240 858 2328 quasi
879 2238 1104 2306 scismaticos⁶
1126 2244 1162 2306 et
1184 2240 1349 2307 usurarios
1371 2239 1572 2319 manifestos,

523 2342 601 2408 licet
623 2364 658 2407 se
689 2342 864 2430 sophistice
898 2349 1094 2409 mercatores
1128 2342 1336 2408 denariorum
1358 2342 1572 2431 appellarent,

523 2445 566 2510 ab
587 2446 669 2512 urbe
692 2444 940 2512 Londoniarum
956 2446 1103 2512 decrevit
1123 2445 1278 2523 amoveri,
1300 2445 1365 2512 nisi
1388 2469 1409 2512 a
1430 2446 1491 2512 tali
1506 2466 1573 2511 cee-

522 2554 635 2615 aarent
648 2550 854 2630 enormitate,
869 2550 1166 2636 poenitentiamque
1181 2555 1317 2637 agerent
1332 2550 1372 2616 de
1387 2550 1574 2617 commissis.

524 2652 622 2733 Quod
651 2674 727 2719 cum
752 2652 1032 2740 contempsissent,
1055 2652 1296 2720 subsannantes
1322 2658 1358 2719 et
1388 2653 1574 2721 deridentes

523 2754 659 2843 insuper
679 2760 714 2823 et
737 2755 983 2838 comminantes,
1005 2755 1175 2843 epiecopus
1197 2756 1297 2821 armis
1320 2755 1486 2823 accinctus
1503 2756 1574 2842 jus·

524 2860 610 2926 titia
639 2858 830 2945 spiritualis,
865 2880 978 2925 omnes
1011 2858 1096 2925 tales
1127 2857 1434 2937 excommunicavit,
1453 2859 1574 2946 jubens

524 2983 636 3030 omnes
658 2962 770 3029 fideles
784 2985 805 3028 a
819 2961 1048 3028 communione
1070 2962 1190 3028 talium
1212 2962 1368 3051 elongari,
1391 2984 1434 3029 ue
1457 2962 1575 3029 civitae

526 3065 782 3145 Londoniarum,
806 3086 881 3151 quae
902 3066 1062 3131 hactenus
1084 3065 1162 3131 talis
1185 3066 1288 3153 pestis
1302 3064 1367 3131 fuit
1389 3065 1513 3151 ignara,
1536 3070 1575 3132 ut

523 3168 648 3235 seilicet
671 3167 853 3235 Christiani
879 3169 925 3235 sic
952 3167 1179 3247 Judaizarent,
1202 3168 1262 3235 tali
1292 3168 1370 3233 tabe
1393 3190 1573 3234 commacu-

523 3272 657 3339 laretur.
702 3271 750 3337 At
771 3273 835 3359 ipsi
850 3276 1016 3340 tumentes
1031 3279 1066 3351 et
1082 3272 1224 3360 superbi,
1248 3272 1288 3337 de
1311 3270 1500 3358 pecuniali⁰
1516 3273 1571 3338 de·
1584 3275 1658 3355 may
1668 3278 1713 3328 oa

522 3376 669 3444 feuaione
683 3375 892 3454 confidentes,
906 3376 979 3445 siue
1001 3375 1194 3445 difficrrltate
1217 3380 1252 3441 et
1273 3396 1375 3443 morae
1398 3374 1570 3463 dispendio
1582 3344 1712 3461 tfflpm

522 3478 560 3545 in
581 3479 673 3545 curia
695 3478 845 3547 Romana
867 3480 1097 3567 impetrarunt,
1120 3483 1159 3546 ut
1181 3478 1290 3547 dictus
1311 3479 1488 3566 episeopus,
1513 3478 1685 3568 quinarios
1697 3478 1728 3529 0¹

519 3582 590 3669 jam
612 3588 767 3649 senuerat
797 3581 1054 3649 valitudinarius
1085 3586 1120 3649 et
1151 3580 1379 3669 aegrotativum,
1413 3582 1571 3649 citaretur
1581 3545 1736 3678 iissellss‘g

458 3720 462 3727 ·
523 3684 741 3773 peremptorie
776 3684 812 3749 in
845 3685 980 3752 remotis
1010 3683 1161 3772 partibus
1197 3684 1424 3753 ultramarinis
1461 3680 1743 3759 commonueram

519 3787 686 3874 judicibus
709 3786 901 3855 Oahursinis
916 3786 1019 3873 ipsis⁷
1042 3786 1268 3869 familiaribus,
1292 3810 1374 3874 quos
1396 3787 1570 3875 elegerant,
1583 3747 1711 3817 ⁰h⁰⁰⁸¹¹¹⁸'

525 3898 566 3956 ut
594 3889 810 3978 personaliter
840 3896 1044 3977 compararet
1066 3912 1165 3978 super
1186 3890 1248 3961 tali
1270 3891 1395 3978 injuria
1416 3897 1450 3957 et
1472 3897 1574 3961 teme·

524 3993 627 4059 ritate
656 3992 889 4059 mercatoribus
922 3992 1095 4080 papalibue
1126 3992 1273 4081 irrogata
1303 4016 1517 4083 responsurus
1539 4001 1574 4061 et

520 4094 591 4183 juri
612 4094 787 4184 pariturus.
834 4094 1014 4182 Episcopus
1044 4117 1123 4163 vero
1154 4096 1280 4163 malens
1313 4098 1426 4187 patrie,
1449 4098 1573 4164 seilicet

524 4196 640 4287 papae,⁸
661 4198 816 4278 verenda,
839 4202 880 4263 ut
902 4197 990 4276 Sem,
1012 4202 1133 4285 tegere,
1156 4220 1265 4285 quam,
1281 4204 1321 4267 ut
1343 4200 1457 4279 Oham,
1480 4222 1573 4267 reve-

559 4425 566 4455 ¹
580 4423 620 4473 Το
639 4421 692 4473 thia
708 4421 811 4486 chapter
825 4421 880 4473 also
897 4421 942 4471 tbe
957 4424 1029 4472 word
1104 4422 1286 4491 ἐοὶεπιαιίοω]
1304 4423 1453 4487 cismaticos,
1465 4426 1522 4479 MS.

526 4506 542 4531 ¹‘
553 4500 674 4551 dutiam”
686 4500 708 4549 ia
719 4499 836 4551 addediu
848 4499 892 4551 the
903 4500 1012 4566 margin.
1097 4501 1261 4573 '‘pecunialz]
1291 4506 1398 4569 pecuali,
1421 4506 1572 4573 MS.;pecu

560 4577 715 4645 ²imoliam]
742 4580 785 4631 Ou
803 4594 837 4631 an
854 4594 962 4631 erasure.
995 4580 1028 4630 Iu
1072 4580 1149 4649 being
1159 4582 1260 4633 written
1271 4599 1467 4647 ouaueruaure,
1476 4590 1526 4637 aud
1537 4588 1574 4639 uli

525 4660 557 4711 B.
567 4659 595 4710 C.
607 4659 795 4723 machaeram.
1071 4662 1152 4713 added
1161 4662 1239 4713 inthe
1247 4664 1409 4729 margiu,but
1417 4664 1573 4721 itiaavideut

559 4738 751 4804 ’simplicioraJ
770 4738 811 4791 On
823 4754 856 4791 an
865 4753 972 4791 erasme
995 4740 1028 4793 In
1070 4740 1126 4791 that
1141 4740 1184 4791 the
1195 4742 1300 4809 reading
1312 4758 1363 4793 war
1374 4749 1401 4794 at
1411 4744 1466 4796 first
1473 4746 1571 4814 pupuli,

527 4821 557 4871 B.
568 4818 598 4871 C.
611 4819 688 4869 uariis
699 4817 804 4883 injuria.
1071 4836 1100 4872 aa
1112 4821 1138 4871 in
1150 4821 1181 4871 B.
1191 4820 1220 4873 C.

560 4898 718 4963 *accinctam
748 4898 780 4947 Iu
805 4898 835 4948 B.
848 4896 877 4949 C.
903 4914 1027 4959 aceram,
1104 4901 1198 4966 ἰ’ρείε]
1218 4900 1420 4955 Oaauerasurc.

526 4978 610 5029 which
621 4978 643 5028 ia
654 4977 697 5027 the
708 4978 846 5041 preferable
857 4977 970 5043 reading,
982 4980 1028 5029 but
1103 4979 1216 5031 'scilicet
1221 4982 1311 5050 pupae]
1330 4984 1477 5039 Interlincd.

525 5059 555 5110 E.
566 5074 653 5125 agrees
664 5056 725 5108 with
736 5057 779 5109 the
789 5066 851 5108 text.
