4242 6159
605 1096 608 1104 .
668 1013 716 1106 bn
736 1053 896 1104 saumas
918 1054 1020 1105 anors
1043 1055 1201 1120 munim,
1224 1055 1291 1106 vrz.
1314 1055 1438 1105 rrarn.
1510 1039 1575 1104 463

528 1253 688 1318 equorum
718 1232 797 1319 ipse,
820 1235 855 1296 ct
886 1232 953 1297 xvi.
975 1231 1055 1297 socii
1087 1231 1168 1317 ejus,
1193 1230 1238 1295 ad
1271 1229 1458 1316 patibulum
1489 1251 1575 1317 prae·
1588 1244 1656 1299 ab.
1671 1249 1743 1297 raes.

527 1335 715 1421 cipitarinm
737 1338 874 1413 tractus,
890 1353 1065 1421 suspensus
1088 1338 1144 1399 est
1191 1332 1319 1398 Deinde
1342 1332 1483 1398 cadaver
1505 1332 1576 1418 ejus

526 1438 563 1502 in
593 1438 682 1504 iiii01.
704 1442 814 1525 partes
845 1436 1009 1502 abscisum
1041 1443 1102 1517 ost,
1128 1442 1164 1501 et
1195 1435 1367 1521 quodlibet
1398 1435 1442 1500 ad
1474 1457 1576 1500 unam

525 1539 747 1605 maximarum
792 1539 969 1606 civitatum
1014 1539 1198 1604 membrum
1242 1539 1473 1604 transmimum
1518 1559 1577 1624 per

525 1641 693 1730 Angliam,
716 1642 871 1708 miseram
902 1641 1113 1709 intuentibus
1136 1640 1347 1707 formidinem
1380 1639 1520 1707 incussit
1541 1644 1576 1705 et

525 1745 699 1811 horrorem.

579 2025 651 2091 Rea
672 2005 890 2092 Francorum
914 2046 994 2090 carn
1017 2046 1080 2090 suo
1102 2022 1251 2120 caecata
1274 2023 1422 2089 occurrit
1444 2021 1518 2107 rapi

944 2127 1151 2213 septorum.

479 2273 484 2283 ⁸
570 2289 752 2377 Divulgato
783 2295 896 2357 autem
923 2312 983 2378 par
1016 2290 1200 2369 Franciam,
1231 2289 1319 2378 quod
1350 2311 1410 2356 rex
1441 2289 1575 2378 Angliae
1588 2302 1719 2372 πῶς

524 2393 690 2460 hostiliter
712 2416 786 2460 eum
809 2395 957 2462 exercitu
972 2391 1199 2461 Wasconiam¹
1218 2393 1298 2480 jam,
1314 2395 1357 2459 ad
1380 2394 1575 2462 mandatum
1587 2370 1723 2491 fflenff

524 2497 653 2564 comitis
676 2497 716 2564 de
734 2497 891 2576 Marcbia,
907 2521 981 2565 cum
1004 2500 1216 2585 maximoque
1238 2496 1394 2564 thesauro
1408 2499 1574 2578 intrasset,
1587 2506 1742 2568 intoPoitoa

523 2623 622 2690 super
652 2603 741 2690 ipsos
768 2601 913 2668 Francos
940 2603 1020 2688 jura
1042 2623 1104 2668 sua
1134 2603 1171 2666 in
1202 2601 1403 2667 manuforti
1436 2601 1573 2689 requisi·
1587 2575 1720 2693 ffiffi⁰⁸

523 2710 629 2786 turus,
660 2725 728 2783 rex,
755 2705 943 2772 convocatis
978 2705 1127 2772 Francia
1158 2705 1297 2787 viribus,
1320 2726 1435 2771 verare
1464 2705 1573 2772 Picta
1587 2707 1684 2760 caela.

523 2809 623 2890 viam,
662 2813 702 2874 ut
738 2808 868 2874 comitis
908 2808 950 2874 de
989 2807 1140 2874 Marcbia
1175 2809 1263 2873 vires
1300 2809 1495 2895 reprimeret
1538 2815 1574 2875 et

522 2913 701 2991 audaciam,
723 2913 794 2978 lora
816 2911 932 3000 dirigit
953 2915 989 2978 et
1009 2911 1144 2977 vexilla.
1182 2910 1282 2992 Quod
1303 2932 1379 2977 cum
1400 2911 1573 2978 audissent

523 3015 736 3084 Pietavenses
770 3021 805 3082 et
834 3015 1082 3098 Wasconenses,
1105 3013 1252 3080 viriliter
1280 3036 1315 3080 se
1346 3020 1573 3103 prepararent

521 3120 564 3186 ad
601 3118 830 3186 resistendum.
876 3118 1066 3205 Resignatis
1102 3118 1208 3206 igitur
1247 3119 1383 3206 treugis,
1421 3117 1572 3208 incepit2

522 3246 648 3312 guerra,
672 3227 707 3290 et
740 3245 801 3290 rex
823 3223 1025 3289 Francorum
1058 3221 1190 3289 obsedit
1223 3227 1259 3288 et
1288 3223 1326 3287 in
1356 3223 1452 3288 brevi
1484 3223 1573 3310 oepit

522 3328 619 3415 plura
641 3331 750 3394 castra
771 3327 908 3404 eomitis,
932 3325 1053 3412 quibus
1087 3325 1301 3391 nullomodo
1331 3325 1445 3413 potuit
1466 3347 1573 3392 comes

523 3451 719 3511 succurrere,
743 3430 875 3508 scilicet,
898 3428 1084 3496 Frunteuai
1116 3434 1153 3495 et
1183 3427 1340 3494 chvent
1355 3427 1387 3509 ;⁸
1419 3433 1454 3494 et
1485 3428 1573 3515 oepit

523 3532 611 3600 idem
633 3554 694 3598 rex
725 3533 871 3600 obsessos
904 3532 1036 3610 milites,
1061 3537 1096 3597 et
1128 3531 1313 3598 transmisit
1336 3532 1373 3597 in
1395 3529 1572 3597 Franciam

523 3636 778 3703 incarcerandos
824 3636 879 3714 Et,
892 3636 964 3723 jam
979 3639 1172 3724 prosperato
1186 3655 1284 3722 opere
1299 3634 1418 3700 Martis
1440 3634 1573 3711 initiali,

490 3793 496 3806 .
523 3745 668 3806 erectum
703 3745 754 3806 est
785 3761 840 3805 cor
872 3740 958 3826 regis
988 3737 1192 3804 Francorum
1222 3737 1260 3802 in
1291 3759 1404 3824 spem;
1437 3743 1472 3803 et
1499 3738 1571 3824 jam

523 3843 684 3931 poenituit
716 3842 870 3909 comitem
902 3841 943 3906 de
966 3839 1115 3906 Marcbia
1140 3845 1175 3906 ct
1197 3839 1409 3905 Pictavenses
1431 3840 1473 3906 de
1502 3863 1571 3906 suae

522 3945 720 4012 temeritatis
741 3945 1005 4033 presumptione;
1027 3946 1127 4032 capta
1149 3941 1239 4008 enim
1261 3947 1358 4008 erant
1380 3948 1487 4009 eastra
1502 3966 1570 4021 sua,

521 4048 701 4135 inquibus
732 4044 928 4126 confidebat,
953 4051 988 4112 et
1013 4046 1148 4134 quidam
1179 4046 1251 4132 ejus
1272 4046 1507 4135 consanguinei
1537 4052 1572 4113 et

521 4149 709 4218 familiares.
765 4147 979 4217 Pictavenses
1012 4147 1119 4236 igitur
1155 4147 1281 4214 invasit
1319 4147 1460 4215 formido
1497 4169 1572 4216 cum

521 4253 757 4342 desperatione.
804 4252 922 4321 Comes
954 4251 1060 4340 igitur
1094 4252 1135 4317 de
1158 4251 1306 4318 Marcbia
1328 4275 1388 4341 per
1417 4253 1570 4320 comitem
1584 4279 1641 4332 Tho
1651 4290 1728 4334 count

521 4353 714 4434 Britannia,
732 4355 797 4422 sibi
819 4353 1026 4437 familiarem,
1043 4355 1145 4442 coepit
1167 4359 1310 4421 tractare
1333 4356 1374 4422 de
1396 4378 1474 4444 pace
1495 4379 1570 4423 cum
1584 4349 1711 4401 ⁰fM⁸f⁰¹¹

520 4481 597 4549 rege
621 4458 831 4542 Francorum,
847 4464 882 4525 et
904 4459 996 4524 duris
1019 4455 1274 4536 conditionibus,
1288 4479 1356 4524 uon
1378 4416 1731 4536 sinel'ran·d⁸r1lrl⁸witb

521 4583 633 4630 corum
667 4559 833 4628 derisoriis
871 4561 1197 4639 subsannationibus,
1229 4561 1363 4628 additus
1400 4569 1451 4629 est
1484 4565 1570 4652 regis
1584 4548 1646 4602 him.

562 4739 804 4750 —...-—-——--—-
836 4735 1302 4744 -—--.⁴--—-—---—-——-
1337 4737 1369 4742 --
1382 4738 1502 4744 .-..-----
1523 4739 1531 4744 ⁴

572 4839 765 4906 ¹Worcoaicm]
793 4840 824 4889 In
853 4839 896 4888 the
923 4839 1023 4904 margin
1104 4839 1113 4868 ¹
1136 4839 1257 4905 Voaaeat]
1283 4841 1414 4905 Mourent,
1433 4844 1499 4905 MS,
1519 4851 1570 4898 aud

520 4923 660 4974 Pretorium
671 4921 717 4972 bu
728 4921 791 4972 besu
807 4919 952 4971 atterwsrds
964 4921 1023 4969 snb·
1069 4934 1097 4970 so
1108 4918 1139 4970 B.
1152 4919 1190 4980 C,
1201 4921 1247 4971 but
1264 4925 1393 4974 corrected
1404 4923 1469 4974 from
1490 4926 1568 4977 Guill.

521 5005 632 5056 stituted.
1069 5001 1100 5049 de
1116 4999 1215 5066 Naugts
1226 5000 1253 5050 in
1265 5005 1280 5029 “
1289 5001 1350 5055 aaa.
1366 5005 1410 5053 des
1421 5003 1488 5056 Hiar.
1500 5007 1532 5056 de
1544 5007 1569 5057 la

553 5085 564 5114 ²
581 5081 683 5148 incepit]
702 5081 740 5131 Ar
751 5079 912 5132 firstwritteu
925 5080 1020 5146 incipit
1067 5079 1191 5142 Fnuce,'’
1202 5096 1249 5131 xx.
1260 5086 1317 5134 ³³⁵.
