4242 6159
562 1025 627 1103 178
681 1041 848 1098 usrrm
872 1043 1276 1098 rae1s1aus1s111sroe1a
1297 1043 1497 1097 mareson

393 1296 462 1350 Ab.
476 1301 548 1349 1216.
857 1287 905 1354 Dc
927 1289 1123 1356 constantio
1143 1288 1322 1356 Lodcrcici.

409 1449 537 1516 stapris
606 1437 727 1505 Postea
763 1458 842 1504 vero
881 1437 1076 1504 Lodowicus
1110 1438 1148 1504 in
1186 1439 1330 1506 erastino
1367 1440 1475 1506 sancd
1510 1439 1797 1518 Madnasa-ae.

394 1543 530 1620 lucader
562 1537 791 1628 euangelistae¹
828 1540 966 1607 veniens
1006 1542 1097 1627 apud
1131 1541 1255 1623 Melon,
1295 1541 1385 1630 quod
1423 1549 1457 1608 et
1495 1541 1635 1608 Ysium.

394 1611 517 1728 &iffi
562 1643 706 1724 dicitur?
732 1643 776 1710 ed
801 1649 928 1732 petrem
959 1665 1066 1726 suum,
1088 1646 1222 1733 rogavit
1251 1667 1327 1710 eum
1357 1669 1432 1713 cum
1462 1645 1614 1724 lacrimis

394 1745 483 1798 father.
562 1771 605 1814 ne
627 1749 679 1814 eui
701 1747 831 1814 itineris
860 1747 1036 1835 impediret
1059 1749 1155 1834 pium
1180 1750 1393 1836 propositum.
1439 1750 1635 1816 Aseercbats

563 1852 750 1918 enimcum
776 1849 978 1936 juramento,
1012 1852 1101 1938 quod
1131 1853 1161 1917 si
1193 1873 1254 1918 rex
1288 1853 1344 1919 ille
1368 1853 1525 1941 Angliae³
1555 1854 1634 1917 im-s

1651 1519 1690 1568 iii.
1703 1522 1767 1569 367.

562 1956 743 2022 misericors
780 1959 891 2041 posset
931 1975 1007 2020 suos
1047 1952 1175 2020 nobiles
1216 1955 1467 2043 apprehendere,
1504 1977 1634 2021 omues.

497 2103 502 2118 .
562 2059 738 2145 exquisitis
768 2057 942 2123 tormentis
968 2063 1003 2123 et
1028 2057 1256 2144 ignominiosis
1290 2060 1497 2137 interficeret,
1529 2058 1635 2145 quod,

562 2163 649 2229 foret
677 2161 741 2228 toti
768 2160 892 2226 mundo
916 2160 1142 2238 lacrimabile*
1165 2162 1223 2226 sed
1248 2161 1332 2229 forte
1358 2163 1421 2229 soli
1443 2184 1537 2251 papae
1560 2163 1635 2228 de.

563 2265 743 2332 siderabile.
788 2263 931 2330 Addidit
953 2264 1065 2344 etiam,
1088 2265 1178 2352 quod
1204 2265 1382 2332 baronibus
1407 2266 1540 2354 Angliae
1565 2265 1617 2329 in·

563 2367 717 2434 violabile
740 2367 900 2453 praestitit
919 2367 1154 2454 juramentum,
1171 2368 1260 2456 quod
1282 2370 1363 2457 ipsis
1377 2371 1507 2435 veniret
1527 2367 1617 2433 festi·

564 2495 645 2539 num
664 2472 700 2536 in
720 2492 915 2538 succursum.
962 2469 1062 2537 Unde
1084 2473 1252 2559 pmelegit
1272 2473 1407 2560 potius⁶
1429 2473 1474 2540 cd
1487 2478 1618 2559 tempus

564 2577 601 2642 in
623 2580 693 2640 tam
723 2574 781 2661 pia
802 2595 900 2640 causa
921 2595 982 2662 pro
1005 2575 1075 2642 sola
1097 2577 1208 2663 papali
1231 2577 1406 2644 voluntate
1428 2597 1616 2644 excommu-

565 2676 677 2758 nicari,
693 2699 790 2765 quam
815 2678 937 2745 crimen
961 2679 1125 2746 incurrere
1147 2678 1311 2761 falsitatis,
1328 2686 1364 2746 et
1378 2680 1490 2746 deesse
1503 2681 1617 2766 laqueo

397 2795 483 2862 Philip
565 2780 733 2870 expositis.
790 2781 890 2848 Pater
920 2782 1026 2870 igitur
1047 2782 1165 2848 videns
1192 2783 1254 2848 filii
1280 2785 1510 2863 constantiam,
1533 2804 1618 2848 com-

398 2864 543 2993 }{ssffin‘
566 2907 680 2975 paesus
699 2890 750 2952 eet
769 2884 839 2952 filio
863 2885 989 2951 dolenti
1013 2891 1047 2952 et
1071 2887 1283 2972 angustiato;
1308 2891 1429 2968 mente,
1444 2887 1638 2952 voluntate.
1716 2892 1721 2900 ’

398 3006 443 3050 not
454 2997 552 3065 openly·
566 2997 600 3057 et
622 2988 785 3076 adjutorio
812 2989 914 3076 coepit
935 2990 1130 3071 consentire,
1152 2989 1211 3056 sed
1237 3011 1305 3055 non
1337 2989 1454 3077 palem.
1501 2990 1547 3054 Et
1572 2991 1638 3054 sic,

566 3092 785 3170 dissimulans,
801 3092 831 3158 ei
854 3092 1023 3159 licentiam
1044 3094 1211 3171 concessit,
1226 3099 1262 3159 et
1280 3115 1355 3159 oum
1370 3101 1507 3180 paterne
1520 3093 1618 3159 benc-

566 3197 711 3266 dictione
735 3196 869 3263 dimisit.

719 3453 893 3538 Quomodo
917 3450 1118 3520 bodococ'cue
1140 3454 1184 3520 c’c
1206 3456 1378 3542 Aoglicm
1401 3456 1474 3523 doit.

400 3625 478 3678 meir
489 3642 541 3678 em-
612 3603 705 3670 Tunc
721 3601 924 3683 Lodowicue,
946 3603 1055 3669 missis
1078 3605 1122 3670 ad
1143 3605 1268 3672 curiam
1284 3605 1467 3673 Romanm
1484 3607 1799 3692 aunonensem.

399 3694 555 3812 ffirgffi
568 3708 625 3794 qui
648 3706 773 3772 ibidem
794 3706 860 3792 jus,
885 3705 974 3792 quod
998 3706 1064 3773 sibi
1086 3707 1129 3772 de
1150 3730 1252 3796 regno
1266 3709 1400 3798 Angliae
1413 3709 1634 3796 vendicabat,
1658 3691 1695 3741 iii·
1709 3697 1771 3744 ³⁶⁷·

400 3827 528 3882 atcania.
567 3832 676 3877 coram
703 3831 789 3898 papa
815 3814 1089 3896 protestarentur,
1111 3811 1174 3878 sub
1207 3814 1298 3878 omni
1321 3814 1492 3882 celeritate
1513 3813 1634 3897 multo⁵

567 3915 711 4002 stipatus
735 3913 897 3980 comitatu
918 3913 962 3978 ad
988 3935 1078 3980 mare
1103 3915 1286 3996 festinavit,
1314 3922 1355 3983 ut
1385 3918 1539 4005 legatum,
1563 3917 1620 4002 qui

567 4023 602 4084 et
623 4017 703 4084 illue
729 4016 911 4095 festinavit,
936 4017 973 4082 in
999 4017 1159 4104 Angiiam
1188 4021 1396 4107 praeveniret.
1441 4019 1635 4104 Venientes¹

567 4122 671 4208 igitur
703 4119 850 4186 universi
884 4121 927 4186 ad
957 4125 1092 4208 portum
1122 4121 1164 4188 dc
1196 4122 1312 4202 caleis,
1346 4125 1544 4190 invenerunt
1574 4122 1622 4187 ibi
1631 4129 1798 4212 Bogwaerno.

566 4229 713 4290 secentas
742 4245 843 4289 naves
866 4229 901 4289 et
924 4228 1042 4309 quater
1064 4247 1120 4290 xm
1144 4247 1240 4314 cogas
1264 4228 1349 4293 bene
1370 4233 1511 4313 paratae,
1538 4248 1622 4313 quas
1657 4215 1696 4250 ¹¹¹·
1709 4207 1769 4254 ³⁶⁸·

567 4325 767 4393 Eustachius
798 4323 928 4392 dictus⁶
953 4326 1133 4392 Monachus
1160 4335 1277 4395 contra
1306 4329 1489 4396 adventum
1519 4330 1622 4416 ipsius

568 4429 734 4496 Lodowici
764 4429 889 4496 ibidem
920 4438 1185 4518 congregaverat
1248 4431 1338 4513 Quas
1371 4432 1447 4499 ilico
1475 4431 1621 4523 ingressi,

569 4555 637 4600 sese
661 4533 819 4621 Neptuno
844 4533 1088 4600 commiserunt.

1239 4693 1336 4700 κ..-
1352 4694 1490 4702 —--—--
1505 4695 1530 4700 -.
1543 4694 1562 4700 ..
1599 4694 1617 4700 .-

604 4773 611 4800 ¹
624 4768 789 4836 evangeliste]
809 4771 997 4836 euuangeliste,
1007 4773 1066 4822 MS.
1153 4775 1162 4803 ⁴
1174 4773 1336 4841 lacrimabile]
1351 4776 1389 4825 At
1401 4776 1456 4826 first
1466 4777 1573 4835 written,
1586 4773 1624 4825 lc·

604 4849 689 4914 2φιοά
705 4887 712 4899 .
731 4889 757 4900 ..
777 4889 783 4902 .
800 4851 904 4917 dicitnr]
932 4852 1024 4902 Added
1044 4852 1072 4900 in
1118 4852 1224 4904 crimcle.

570 4944 650 4994 marg.
1153 4933 1274 5000 ’μήκη
1294 4935 1439 4984 Interlined.

602 5007 718 5088 'recide
729 5009 838 5078 Aeolia]
859 5011 899 5061 On
912 5027 943 5062 an
955 5027 1056 5063 erasure
1154 5012 1267 5080 'dictuq
1287 5014 1433 5064 Interlincd.
