4242 6159
616 1045 663 1095 nn
684 1045 845 1098 rnuronn
867 1050 968 1099 unors
990 1049 1144 1113 nsnmcr,
1169 1049 1237 1102 vrz.
1260 1051 1383 1101 rursu.
1452 1034 1517 1109 273

255 1172 260 1201 t

441 1215 556 1297 .lewe,
580 1239 676 1304 quern
699 1227 917 1308 promoverat.
964 1191 1031 1304 Qui
1052 1225 1141 1292 solus
1163 1225 1322 1312 praestitit
1344 1224 1376 1290 ei
1397 1225 1434 1290 in
1456 1225 1600 1292 tri-an.
1615 1239 1687 1285 122⁵·

439 1319 692 1408 .bulationibus
714 1323 805 1390 euis¹
830 1325 1060 1395 consiliumet
1083 1327 1362 1396 consolationem?

514 1689 518 1698 ¹
553 1611 603 1680 Dc
624 1612 765 1696 niobae,
789 1637 866 1704 quoe
880 1614 1017 1704 sorcetae
1039 1616 1262 1706 deosocestcci
1281 1616 1428 1686 debeant.

255 1766 451 1846 *Rogwend
510 1764 636 1832 Eodem
666 1788 764 1845 anno,
786 1768 831 1833 ad
863 1790 1009 1834 mensem
1040 1773 1117 1855 post
1150 1768 1284 1846 Pascha,
1310 1769 1403 1834 missi
1437 1774 1613 1856 suntJnries

307 1850 342 1901 ὴ·
359 1855 424 1900 ¹⁰³·
463 1866 643 1955 praecept0³
656 1870 745 1957 regis
768 1869 870 1958 Hngo
885 1871 927 1937 de
942 1871 1079 1937 Nevilla
1096 1875 1131 1937 et
1147 1871 1310 1938 Briennus
1329 1872 1370 1938 de
1389 1872 1513 1952 Insula,
1527 1850 1669 1968 fflffi
1671 1935 1685 1970 e

259 1960 264 1972 ’
379 2033 384 2040 ,
463 1992 539 2035 cum
554 1972 628 2036 aliis
649 1972 776 2038 adhoc
797 1973 985 2060 assignatis,
1007 1995 1067 2061 per
1088 1973 1255 2062 Angliam,
1270 1975 1361 2040 utin
1376 1975 1625 2061 singulissoreets.

464 2072 662 2139 forestarum
693 2074 873 2161 provinciis
898 2075 956 2142 xii
983 2076 1107 2141 milites
1128 2076 1184 2141 vel
1217 2075 1366 2142 homines
1398 2076 1517 2142 liberos

279 2189 450 2268 unguere
465 2180 500 2240 et
523 2175 645 2264 legales
666 2176 836 2263 eligerent,
863 2177 907 2242 ad
933 2177 1215 2243 deambulandum
1245 2181 1351 2244 metas
1380 2178 1518 2244 foreste·

304 2273 340 2307 ¹'·
357 2264 419 2309 ¹⁰⁴·
462 2299 547 2357 rum,
571 2283 611 2344 ut
642 2301 701 2366 per
731 2300 844 2345 eorum
870 2286 1125 2362 sacramentum,
1158 2288 1238 2366 quae'
1255 2280 1386 2348 sorestae
1412 2303 1516 2348 rema-

254 2363 267 2402 '
461 2402 541 2447 nere
566 2386 606 2446 ut
636 2381 731 2469 prius
763 2383 908 2460 fuerunt,
943 2386 978 2449 et
1008 2405 1085 2470 quae
1116 2383 1331 2450 deeforesteri
1363 2383 1516 2465 debeant,

462 2483 676 2550 discernatur.
737 2484 841 2550 Facta
873 2485 979 2572 igitur
1014 2487 1053 2551 in
1086 2487 1181 2551 brevi
1209 2486 1294 2574 regii
1325 2487 1517 2553 executione

462 2586 622 2666 mandati,
659 2586 739 2652 licet
776 2609 845 2653 non
882 2587 953 2653 sine
991 2588 1209 2674 plurimorum
1247 2589 1516 2670 contradictione,

462 2690 621 2754 concessis
654 2689 868 2756 libertatibus
899 2691 1025 2777 singuli
1056 2693 1110 2756 usi
1141 2695 1230 2768 sunt,
1253 2691 1294 2757 de
1316 2691 1423 2758 boscis
1448 2692 1517 2757 suis

462 2792 603 2878 propriis
635 2792 824 2869 vendentes,
846 2797 975 2858 assarta
1007 2791 1173 2870 facientes,
1195 2793 1319 2858 bestias
1345 2799 1516 2872 venantes,

462 2899 587 2959 terram
618 2893 777 2960 arabilem
812 2895 853 2960 de
889 2895 1018 2960 inculta
1048 2894 1215 2960 sulcantes
1227 2919 1235 2975 ;
1272 2895 1323 2960 ita
1357 2896 1445 2982 quod
1476 2896 1517 2962 de

462 2997 653 3062 nemoribus
676 2997 919 3063 deafforestatis
941 3020 1056 3063 omnes
1079 3019 1139 3084 pro
1162 2995 1263 3061 libitu
1285 2997 1517 3084 disponebant.
1590 3065 1593 3074 ,

461 3098 509 3163 Et
533 3120 599 3164 non
633 3100 739 3165 solum
773 3098 931 3179 homines,
953 3099 1057 3165 immo
1084 3105 1119 3164 et
1145 3120 1250 3177 canes,
1275 3099 1334 3183 qni
1365 3099 1516 3164 solebant

461 3202 656 3287 expeditori,
678 3202 739 3267 has
762 3201 936 3268 libertates
958 3224 993 3267 se
1016 3201 1139 3268 habere
1162 3200 1359 3266 sentiebant.
1417 3201 1515 3266 Com-

461 3303 619 3369 munibus
649 3325 729 3368 vero
752 3302 966 3369 libertatibus
1002 3309 1185 3390 magnates,
1209 3303 1332 3368 milites
1355 3307 1390 3367 et
1412 3302 1515 3368 libere

463 3411 617 3471 tenentes
639 3405 721 3472 adeo
744 3406 797 3471 usi
824 3411 912 3485 sunt,
937 3408 1028 3492 qnod
1057 3429 1119 3472 nec
1142 3406 1211 3470 iota
1232 3427 1336 3470 unum
1363 3406 1399 3469 in
1428 3405 1515 3492 regis

444 3514 558 3578 marta
594 3515 788 3576 contentum
827 3509 937 3575 fuerat
974 3509 1241 3595 praetcrmissum.
1301 3507 1385 3575 Haec
1422 3508 1515 3572 infir-

443 3611 607 3679 mando*
630 3612 778 3698 peccavit
793 3611 961 3677 Robertus
983 3611 1157 3678 Passeleue
1183 3610 1432 3692 mortalissime;
1454 3610 1512 3677 sed

445 3713 526 3780 ‚hoc
547 3715 584 3779 in
605 3713 843 3801 sequentibus.³

499 4014 715 4067 moderaren
731 4015 797 4082 reis]
823 4015 913 4081 Pertly
932 4031 966 4066 on
1012 4015 1076 4082 only
1086 4023 1167 4068 traces
1178 4016 1209 4066 os
1227 4016 1302 4066 afer
1313 4016 1516 4066 wordserenorr

464 4111 613 4147 anerasme
1012 4097 1065 4148 lest.

1045 4178 1055 4206 ¹
1062 4175 1200 4241 praeopto]
1219 4191 1253 4225 ex
1264 4183 1395 4240 precepto,
1406 4173 1436 4224 Ε.

497 4255 550 4305 ²lu
567 4257 611 4307 tbe
627 4257 728 4322 margin
744 4258 826 4308 below
838 4257 884 4308 has
902 4257 966 4306 been
1045 4255 1224 4322 ⁴infinnando]
1244 4255 1412 4315 infirmando,
1423 4253 1480 4304 MS.

464 4335 546 4385 added
556 4335 651 4387 nshort
661 4339 772 4401 chapter,
779 4338 844 4387 with
855 4353 871 4387 a
881 4336 967 4386 rubrio
1045 4336 1055 4364 ⁵
1066 4332 1130 4383 Herc
1142 4371 1148 4385 .
1161 4372 1168 4385 .
1181 4372 1188 4384 .
1199 4332 1364 4399 sequentibus]
1383 4333 1476 4382 Added
1486 4331 1514 4380 in

464 4413 585 4478 prefixed,
593 4416 639 4466 bnt
649 4415 797 4468 afterwards
808 4418 904 4478 enred,
915 4417 966 4465 and
1011 4429 1100 4478 marg„
1111 4415 1157 4463 but
1167 4413 1195 4462 in
1203 4411 1233 4462 Ε.
1243 4411 1355 4462 inserted
1363 4411 1391 4461 in
1399 4411 1442 4460 the
1451 4417 1514 4461 text.
