4242 6159
595 1025 639 1088 42
720 1037 886 1088 ulmum
908 1037 1118 1090 premissam
1140 1034 1303 1086 maroam
1325 1034 1524 1086 arenosum

426 1217 494 1270 Al).
510 1225 581 1273 1193.
594 1234 694 1298 quom
724 1213 893 1281 obflrscare
915 1214 1048 1280 vultum
1079 1216 1269 1300 potuerunt,
1293 1214 1374 1299 quin
1397 1211 1512 1278 hilaris
1535 1216 1569 1278 et
1590 1211 1643 1297 jo·

593 1316 719 1381 oundns
740 1317 778 1381 in
799 1316 918 1395 vorbis,
942 1317 1023 1403 quin
1044 1317 1138 1382 ferox
1161 1321 1196 1382 et
1218 1315 1454 1382 audacissimus
1480 1315 1516 1381 in
1537 1314 1642 1393 lactis,

593 1424 692 1506 prout
713 1424 853 1507 tempus,
868 1420 968 1501 loeus,
984 1441 1084 1486 oousa
1107 1424 1143 1485 ot
1162 1441 1302 1508 persona
1322 1417 1498 1508 erigebat,¹
1515 1440 1642 1506 semper

593 1527 774 1610 appareret
828 1522 931 1610 Cujus
967 1522 1056 1588 facte
1086 1522 1261 1604 mirabilia,
1292 1543 1335 1588 ne
1364 1521 1510 1590 historiae
1543 1521 1662 1588 series·

590 1626 785 1706 retardetur,
806 1626 882 1692 aliis
903 1627 1089 1694 enarranda
1111 1626 1311 1713 derelinquo.

604 1829 778 1914 Quomodo
799 1828 988 1917 imperator·
1009 1829 1129 1918 tpoom
1150 1827 1194 1896 to
1216 1827 1338 1898 moltis
1357 1827 1509 1916 praviter
1530 1849 1627 1896 ooooo·

1051 1931 1185 2000 sooem't.

424 2040 570 2163 Βῑὼΰᾶἑέ
638 2046 826 2135 Imperator
846 2051 958 2114 autem
980 2047 1105 2114 iratum
1127 2047 1275 2113 animum
1304 2069 1344 2114 ao
1365 2047 1504 2114 ferocem
1526 2051 1819 2137 eontrossopwffld.

424 2127 562 2230 hwa,
593 2171 702 2237 regem
725 2149 852 2216 diutius
874 2149 1059 2237 praeferens,
1083 2151 1272 2216 nullatenus
1302 2173 1377 2217 eum
1406 2149 1642 2237 inpraesentia
1687 2141 1725 2176 ¹¹¹·
1740 2129 1782 2176 ⁷¹·

424 2260 543 2311 emperor.
593 2276 653 2319 sua
686 2253 845 2320 advooare
876 2253 931 2320 vel
961 2253 1085 2340 alloqui
1116 2253 1326 2341 dignabatur,
1356 2253 1435 2339 quie
1467 2253 1576 2341 ipsum
1605 2253 1642 2318 in

591 2356 742 2444 pluribus
756 2357 904 2444 graviter
918 2357 1090 2444 proposuit
1111 2377 1270 2423 eoousaro.
1315 2355 1473 2438 Tandem,
1491 2356 1569 2421 hino
1590 2355 1661 2420 in-.

590 2460 632 2526 de
654 2459 878 2547 mediantibus
899 2461 1023 2541 amieis,
1047 2460 1211 2548 praeoipue
1231 2459 1441 2526 Gluniaoensi
1463 2458 1585 2524 abbate
1606 2465 1641 2524 et

590 2561 767 2640 Willolmo,
787 2563 874 2651 regis
902 2563 1105 2644 oauoellario,
1129 2563 1317 2651 imperator,
1347 2561 1536 2629 oonvocatis
1574 2561 1644 2649 epi-

591 2665 706 2753 seopis,
728 2665 867 2731 ducibus
893 2670 928 2732 et
959 2666 1136 2732 oomitibus
1167 2665 1245 2746 suis,
1275 2687 1385 2754 regem
1407 2665 1642 2754 inpraesentia

591 2790 651 2834 sua
679 2769 906 2856 sollempniter
932 2767 1035 2855 jussit
1065 2769 1223 2850 aooersiri‚
1253 2791 1397 2856 eumque
1425 2769 1463 2834 in
1492 2768 1659 2856 pluribus·

591 2871 738 2938 articulis
759 2873 870 2960 pelam
891 2872 1070 2938 crudeliter
1098 2871 1275 2939 aoousavit.
1331 2873 1427 2954 Quos,
1451 2873 1531 2958 quia
1559 2871 1660 2938 alibi.

590 2975 720 3062 plenius
742 2975 939 3053 scribuntur,
961 2975 1108 3042 breviter
1129 2975 1303 3042 annotabo.

1032 3168 1199 3236 Articuli.

638 3285 681 3349 In
703 3285 826 3372 primis,
847 3280 936 3372 quod
957 3306 1017 3373 per
1037 3284 1110 3371 ejus
1131 3283 1305 3351 eonsilium
1328 3289 1362 3350 et
1383 3281 1548 3350 auxilium
1569 3303 1641 3370 reg-
1653 3295 1822 3379 Ropwend.

474 3436 499 3486 'n
592 3409 673 3454 num
696 3388 816 3455 Siciliae
836 3392 873 3454 et
895 3388 1037 3476 Apuliae,
1059 3387 1149 3473 quod
1171 3387 1235 3453 sibi
1263 3388 1340 3474 jure
1363 3386 1564 3454 hereditario
1585 3386 1641 3453 de-
1688 3381 1726 3418 ¹¹¹·
1741 3371 1781 3425 ⁷¹·

443 3502 448 3514 ⁴
478 3541 485 3554 .
592 3489 755 3569 bebatur,⁸
777 3490 932 3557 delimato
965 3511 1043 3579 rege
1067 3489 1243 3570 Willelmo,
1273 3489 1443 3572 amiserit3
1482 3511 1542 3578 pro
1575 3510 1641 3575 quo

498 3612 505 3628 ·
592 3592 803 3680 adipisoendo
823 3593 1006 3660 exereitum
1029 3593 1281 3680 permaximum,
1305 3593 1387 3660 data
1407 3592 1547 3680 peomria
1568 3592 1643 3657 infi-

591 3697 673 3777 nita,
689 3697 903 3779 conduxerat,
918 3719 995 3763 oum
1016 3696 1107 3763 idem
1122 3717 1183 3764 rex
1205 3697 1270 3764 sibi
1291 3697 1455 3764 auxilium
1477 3697 1546 3763 fore
1560 3719 1644 3783 prae-

590 3799 748 3865 stiturum
773 3799 918 3866 fideliter
944 3799 1181 3888 spopondisset,
1207 3805 1247 3866 ut
1273 3823 1292 3866 a
1315 3799 1485 3867 Tanoredo
1504 3820 1643 3888 regnum

589 3902 675 3970 illud
696 3903 870 3992 optineret.
916 3903 1045 3972 Deinde
1067 3904 1267 3972 causabatur
1287 3903 1330 3972 de
1351 3925 1428 3991 rego
1451 3903 1564 3991 Cypri,
1586 3903 1644 3990 qui

590 4007 621 4072 ei
652 4007 816 4076 affinitate
846 4008 1043 4097 oonjnnotus
1074 4007 1193 4090 fueret,
1217 4007 1307 4096 qnod
1336 4029 1412 4074 eum
1445 4007 1569 4094 injusta
1599 4007 1643 4072 ab

485 4102 490 4111 ’
590 4110 730 4200 imperio
753 4112 895 4201 ejecerit,
917 4118 953 4180 et
974 4113 1129 4179 oareerali
1150 4113 1309 4179 oustodiae
1332 4111 1543 4200 deputaverit
1557 4133 1642 4178 oom-

589 4215 747 4303 peditum,
762 4223 798 4284 et
811 4223 936 4284 terram
957 4217 1028 4303 ejus
1042 4221 1078 4283 et
1092 4217 1265 4282 thesauros
1278 4213 1452 4282 invaserit³
1469 4215 1662 4298 violenter„

561 4343 565 4352 ·
590 4325 625 4385 et
639 4320 782 4386 insulam
797 4327 868 4386 tam
889 4319 1121 4386 fraudulenter
1143 4342 1243 4406 quam
1260 4317 1486 4386 truculenter⁴
1509 4319 1662 4386 auidam.

589 4422 696 4489 alieno
718 4419 931 4490 vendiderit.⁶
976 4421 1194 4490 Postmodum
1216 4443 1296 4490 vero
1318 4423 1486 4489 accusavit
1508 4445 1583 4490 eum
1599 4423 1641 4490 do

624 4631 768 4700 'exioeboIJ
787 4633 930 4700 exiegebut
941 4633 1000 4686 MS.
1172 4635 1242 4685 ‘mm
1254 4670 1261 4687 .
1273 4672 1280 4686 .
1293 4670 1299 4684 .
1312 4670 1319 4685 .
1333 4633 1492 4702 meolam]
1510 4635 1643 4688 Addedin

622 4737 787 4806 mmm]
805 4740 863 4792 The
873 4742 924 4792 lm
939 4747 991 4791 m
1005 4739 1092 4792 leam
1137 4713 1519 4860 mfffifflfexszoffim
1542 4803 1569 4847 at
1587 4797 1644 4848 first

589 4845 839 4885 mmm·
1138 4877 1179 4937 (as
1201 4876 1228 4926 n
1249 4875 1290 4926 w.
1307 4875 1339 4925 s.
1356 4876 1407 4941 u),
1429 4878 1475 4928 but
1496 4876 1643 4928 mevam

622 4938 773 5006 ἰἰιυαεετίι]
792 4939 894 5003 invasit,
910 4940 967 4994 MS.
992 4942 1042 4991 and
1060 4941 1090 4991 F·
1136 4955 1233 5006 altered
1252 4961 1278 5005 to
1295 4954 1408 5018 vendidit,
1419 4955 1504 5006 uhioh
1516 4957 1539 5008 is
1552 4957 1642 5022 copied

589 5033 657 5086 Corr.
670 5033 736 5083 from
746 5033 788 5085 W.
800 5033 831 5084 B.
846 5033 873 5085 C.
1136 5035 1163 5084 iu
1175 5035 1205 5085 F.
