4242 6159
599 1075 646 1126 nn
668 1075 829 1127 nnuman
852 1075 1135 1144 centecimum,
1158 1077 1226 1129 vrz.
1249 1077 1372 1128 maru.
1441 1061 1507 1125 445

455 1287 538 1331 num
583 1265 764 1352 dampnum
802 1265 944 1332 eccleeiae
981 1270 1016 1331 et
1054 1266 1181 1332 domini
1218 1267 1306 1355 regie
1343 1265 1505 1344 dedecus,¹
1519 1261 1588 1315 al).
1602 1269 1674 1316 ¹2⁴¹·

456 1368 663 1463 triennalem.
720 1367 766 1434 Et
794 1368 1026 1456 pacificaturus
1062 1370 1230 1437 ecelesiam
1264 1367 1507 1457 Anglicanam²

457 1477 602 1551 venerat,
624 1471 792 1538 ecclesiam
826 1471 1099 1539 Cantuarieneem
1129 1473 1266 1560 reliquit
1299 1474 1451 1561 dampnis
1473 1479 1509 1539 et

457 1575 641 1662 obprobriis
663 1575 955 1642 irrestaurabiliter
976 1575 1254 1665 dampnificatam.
1301 1577 1344 1642 In
1367 1577 1508 1643 crastino
1554 1587 1642 1639 asan.

457 1685 569 1746 autem
593 1678 790 1766 Epiphaniae
810 1679 1051 1746 transfretavit

592 1953 693 2036 Venit
714 1948 840 2025 Petrae
861 1953 903 2024 da
924 1953 1107 2024 Soboudio
1128 1954 1173 2022 ica
1194 1953 1372 2042 Amplicon.

504 2113 600 2182 Circa
645 2114 776 2182 eosdem
813 2136 943 2204 quoque
981 2115 1052 2181 dies
1089 2113 1210 2181 Petmre
1249 2115 1290 2180 de
1328 2113 1507 2194 Sabaudia,
1519 2127 1667 2180 Arrivalof

457 2218 638 2285 avunculus
671 2219 803 2306 reginae,
836 2219 890 2284 oui
927 2240 988 2284 rex
1025 2218 1221 2284 comitatum
1259 2217 1508 2284 Richemundiae
1519 2197 1636 2328 {diff

457 2321 652 2399 contulerat,
674 2321 769 2386 venit
800 2319 836 2386 in
859 2319 1026 2407 Angliam‚
1050 2342 1151 2408 quam
1173 2321 1238 2387 eibi
1266 2321 1338 2407 jam
1362 2327 1612 2410 senseratwnois

458 2424 682 2504 fructuosam
719 2423 772 2489 vir
810 2423 944 2512 quidem
982 2422 1128 2510 prudens
1163 2432 1198 2490 et
1235 2398 1652 2512 circumspectus.³¹‘⁰¹ssh“‘¹·

459 2527 565 2610 Quem
601 2549 662 2592 rex
698 2545 869 2594 occurrens
906 2525 1094 2614 gaudenter
1126 2526 1279 2615 suscepit
1311 2549 1348 2594 ae
1384 2550 1509 2614 suaque

457 2631 603 2697 conciliis
618 2630 689 2718 ejue
711 2629 917 2718 exponendo,
932 2633 968 2695 et
990 2630 1095 2717 ipsius
1117 2635 1223 2696 terrae
1245 2652 1320 2696 eum
1342 2631 1510 2697 donativis

457 2733 609 2821 plurimis
643 2732 840 2820 ampliando.
893 2731 958 2797 Die
990 2753 1070 2797 vero
1101 2733 1208 2798 sancti
1239 2732 1420 2813 AEdwardi,
1452 2734 1510 2822 qui
1556 2733 1642 2783 ΗΜ-

379 2855 402 2912 “,
459 2836 648 2924 sollempnia
678 2835 750 2922 regi
784 2834 826 2900 de
859 2855 949 2900 more
980 2833 1134 2916 habetur,
1158 2835 1247 2902 idem
1281 2857 1341 2901 rex
1372 2837 1509 2924 praedic·

458 2945 531 3006 tum
557 2939 694 3005 Petrum
725 2958 799 3003 oum
831 2937 931 3002 nimie
964 2958 1122 3024 pomposo
1144 2938 1233 3003 faatu
1259 2937 1371 3004 balteo
1403 2940 1510 3005 cinxit

459 3042 608 3120 militari,
631 3045 665 3106 et
698 3039 889 3106 convivium
921 3041 973 3106 aui
1006 3041 1152 3107 tirocinii
1186 3042 1243 3106 in⁴
1265 3064 1387 3130 magna
1417 3045 1509 3131 regia

459 3143 746 3212 westmonasterii
768 3144 958 3210 celebravit.

460 3415 827 3504 clarummontem
849 3416 889 3483 de
904 3415 1080 3484 Permirum
1101 3417 1245 3504 clipiaco·
1266 3417 1314 3484 od
1339 3419 1510 3510 epiecopu-

793 3528 869 3588 twm
891 3518 1166 3588 Daoelmccacm.

503 3681 631 3748 Diebus
668 3702 798 3768 quoque
832 3682 894 3748 sub
928 3682 1051 3749 eisdem
1085 3683 1237 3750 monachi
1261 3682 1510 3765 Dunelmeneea,
1523 3705 1639 3758 Electren
1650 3708 1680 3758 of

459 3791 535 3874 poet
556 3785 679 3853 multoe
701 3785 831 3852 labores
853 3785 992 3852 inutiles
1014 3791 1049 3854 et
1072 3809 1294 3874 expensarum
1327 3789 1510 3869 effusiones,
1523 3772 1650 3892 ffiffi

459 3891 595 3956 cedente
632 3890 741 3977 priore
779 3910 893 3954 corum
933 3889 1069 3971 Thema,
1107 3891 1278 3977 elegerunt
1314 3892 1510 3978 magistrum
1523 3895 1645 3971 ratpot

459 3992 658 4060 nicholaum
681 3993 722 4059 <a
745 3991 921 4070 romeam,
944 3991 1073 4058 domini
1095 3995 1182 4080 rega
1213 3992 1374 4072 caecum,
1398 3995 1508 4060 voum
1522 3972 1645 4029 naam.

459 4097 625 4183 eleganter
654 4095 826 4161 literatum
857 4099 892 4160 et
921 4095 1069 4161 moribus
1098 4094 1306 4177 adornatum,
1328 4097 1364 4161 in
1387 4099 1510 4185 epieco-

459 4221 538 4288 pum
561 4202 596 4264 et
617 4203 784 4286 pretorem
806 4197 992 4264 animarum
1015 4219 1160 4264 suarum.
1441 4194 1450 4212 ⁰

524 4389 569 4395 .—
1403 4393 1499 4402 ——-.

493 4498 500 4528 ¹
518 4495 672 4562 admcqnam
685 4533 691 4548 .
704 4533 710 4548 .
724 4532 750 4548 ..
767 4495 881 4562 dedecor]
896 4495 960 4546 Thia
1007 4496 1092 4548 These
1109 4499 1192 4549 worda
1207 4513 1250 4550 are
1261 4500 1361 4550 written
1377 4516 1411 4552 on
1427 4517 1443 4553 a
1459 4505 1509 4569 elip

459 4576 545 4627 lineis
557 4576 795 4628 underecoredvith
806 4576 859 4638 red,
867 4577 906 4626 for
917 4576 960 4626 the
1008 4578 1039 4628 os
1051 4579 1145 4630 vellum
1161 4581 1249 4645 paeted
1264 4595 1325 4631 orer
1341 4581 1384 4632 the
1400 4583 1509 4646 oripml

459 4670 567 4722 purpose
578 4655 746 4706 csomiceion.
1008 4663 1070 4716 text,
1081 4657 1269 4709 whiohiwow
1280 4663 1375 4712 erased.

489 4737 499 4767 ²
519 4733 695 4802 Auaticorum]
714 4734 808 4785 Added
819 4733 846 4784 ln
856 4749 937 4799 marg.
1041 4737 1107 4803 *ιἰι]
1126 4737 1253 4802 Raptam
1263 4741 1299 4804 by
1308 4755 1385 4791 error.

491 4814 566 4866 'ribi
585 4817 641 4881 jam
659 4853 666 4867 .
684 4852 691 4866 .
709 4851 716 4865 .
734 4851 741 4866 .
757 4807 957 4882 circumspectae]
