4242 6159
717 1059 765 1109 ns
785 1059 945 1110 rsuross
967 1059 1070 1110 soors
1092 1059 1250 1126 nussum,
1272 1060 1339 1110 vm
1361 1059 1485 1110 remu.
1554 1046 1619 1110 469

572 1233 722 1318 tempora
754 1229 925 1298 effluerent
958 1231 1075 1314 otiosa,
1099 1231 1180 1299 fecit
1201 1254 1261 1298 rex
1293 1231 1437 1299 obsideri
1465 1231 1619 1318 quaedum
1632 1233 1702 1286 M)-
1716 1240 1789 1286 ¹²⁴&

570 1330 744 1400 rebellium
766 1355 900 1400 suorum
922 1334 959 1402 in
980 1335 1105 1402 finibus
1124 1333 1320 1423 Burdogalis
1342 1333 1531 1422 municipia
1576 1333 1619 1398 In
1631 1313 1762 1441 ξίξξξὲ.

571 1435 739 1504 obsidione
762 1459 840 1503 vero
863 1437 961 1504 unius
983 1438 1185 1516 monasterii,
1208 1437 1298 1524 quod
1312 1438 1468 1504 Verriucs
1485 1437 1617 1512 dicitur,
1631 1447 1788 1500 vhereJohn

570 1538 629 1604 ubi
651 1560 719 1604 sese
742 1539 879 1627 quidam
904 1541 990 1629 regis
1012 1539 1149 1608 rebelles
1178 1546 1377 1628 receperant,
1400 1541 1499 1608 etde
1521 1514 1764 1635 &de-iffi

570 1640 621 1706 sis
649 1647 800 1721 cestrum,
822 1644 924 1709 immo
947 1644 1138 1733 speluncam
1163 1643 1330 1710 latronum
1352 1646 1505 1725 fecerant,
1524 1643 1618 1730 jactu

570 1742 689 1831 lapidis
711 1749 746 1810 et
775 1745 901 1833 spiculo
930 1743 1163 1814 arcubalistae¹
1186 1744 1285 1812 loesus
1307 1752 1359 1813 est
1381 1750 1417 1813 et
1438 1746 1476 1812 in
1497 1746 1620 1812 femore

570 1846 734 1913 contritus
766 1846 938 1916 «lohannes
971 1847 1110 1930 Mansel,
1140 1845 1267 1914 domini
1298 1848 1385 1936 regis
1417 1847 1552 1915 clericus
1586 1853 1621 1914 et

570 1949 777 2016 consiliarius
799 1951 956 2038 specialis.

593 2199 824 2269 Uoveotreosis
846 2207 1033 2288 promotor
1054 2223 1121 2290 pro
1144 2203 1239 2270 electo
1263 2201 1403 2270 tutetur
1430 2195 1603 2267 Geatreoss'.

616 2357 712 2426 Circa
734 2359 822 2426 idem
844 2365 976 2448 tempus
1005 2362 1161 2428 monachi
1183 2362 1424 2428 Coventrenses
1445 2357 1619 2425 certificati
1631 2361 1745 2413 william
1760 2363 1791 2414 of

571 2461 612 2526 de
634 2467 740 2528 morte
761 2462 894 2529 obbatis
917 2463 959 2528 de
983 2463 1158 2544 Euesham,
1181 2464 1240 2550 qui
1262 2462 1351 2552 apud
1374 2458 1557 2549 Regulam²
1582 2459 1619 2524 in
1631 2430 1757 2561 ffissnffl

572 2563 754 2645 Wasconis,
778 2570 818 2631 ut
847 2566 974 2632 dictum
997 2573 1058 2645 est,
1082 2567 1218 2644 obierat,
1243 2572 1279 2632 et
1311 2587 1409 2653 quem
1440 2563 1545 2650 aliqui
1577 2562 1760 2627 detentores

1633 2629 1768 2695 Covensy,
1855 2661 1865 2676 .

571 2672 749 2751 conventu,
764 2669 916 2734 volentes
937 2668 1066 2757 plscere
1087 2671 1166 2756 regi,
1185 2669 1353 2757 elegerant
1374 2667 1411 2732 in
1433 2666 1620 2755 episcopum
1633 2695 1762 2748 imm„

572 2769 829 2836 Coventrensem
862 2771 943 2861 sive
957 2769 1173 2849 cestrensem,
1196 2772 1325 2858 potiore
1356 2776 1451 2857 parte
1483 2762 1787 2881 tamen³bllffffii

570 2870 606 2936 in
629 2893 726 2938 suum
748 2877 993 2959 praecentorem,
1010 2873 1216 2939 Willelmum
1239 2845 1788 2963 deuonsePessulan0„'1⁰i',ffi„‚i

569 2975 805 3057 consentiente,
829 2977 971 3042 eundem
994 2975 1234 3064 W[illelmum]
1268 2975 1409 3042 electum
1439 2972 1621 3051 hebebant,

569 3077 663 3142 nullo
688 3077 760 3163 jam
782 3079 981 3145 reclamante
1011 3081 1069 3145 vel
1102 3079 1354 3146 contradicente.
1401 3077 1475 3144 Rex
1507 3082 1620 3142 temen
1714 3068 1719 3081 ’

570 3179 679 3267 ipsum
701 3203 769 3247 non
784 3182 980 3270 acceptavit,
997 3182 1077 3269 quia
1090 3181 1156 3248 fuit
1178 3181 1350 3262 coelectos,
1365 3184 1400 3246 et
1415 3180 1466 3245 ita
1481 3178 1621 3246 aemulus

572 3281 653 3349 dicti
686 3283 820 3351 abbatis
842 3284 1051 3352 Eveshamise
1063 3311 1072 3368 ;
1106 3290 1142 3352 et
1173 3285 1224 3352 ita
1254 3283 1434 3351 videbatur
1465 3283 1621 3371 ejusdem,

571 3387 629 3472 qui
651 3387 721 3476 regi
743 3387 808 3454 fuit
830 3388 1001 3456 familiaris
1024 3393 1059 3456 et
1081 3410 1140 3477 per
1161 3389 1357 3478 petitionem
1379 3386 1505 3476 regiam
1523 3385 1622 3474 elige·

571 3489 679 3572 batur,
702 3492 943 3578 promotionem
966 3498 1002 3559 et
1023 3491 1183 3559 honorem
1204 3490 1425 3580 impedivisse.

638 3749 784 3819 Proelott
808 3750 1014 3821 irscorcerole‘
1037 3751 1295 3842 permitteretur
1321 3751 1422 3820 libori
1448 3749 1550 3819 obire

615 3902 813 3990 Eisdemque
836 3903 1040 3992 temporibus
1071 3903 1288 3992 postulabant
1317 3902 1485 3968 instanter
1514 3899 1619 3966 cardi·
1632 3902 1803 3972 rumpe.

571 4005 661 4071 sales
683 4005 936 4095 imperatorem‘
959 4012 998 4074 ut
1028 4007 1150 4073 liberos
1180 4006 1390 4095 permitteret
1421 4003 1513 4071 abire
1534 3973 1789 4090 pree-ffissl‘ifefoes

570 4108 655 4174 latos
678 4131 760 4197 quos
781 4110 901 4192 tenuit,
925 4110 1091 4200 praecipua
1116 4108 1307 4188 cardinales,
1329 4109 1556 4185 incarceratos,
1578 4105 1721 4222 utfflmls

570 4209 671 4278 libere
709 4211 901 4280 electionem
938 4235 1029 4279 susm
1068 4213 1111 4279 de
1148 4233 1233 4300 papa
1270 4210 1502 4278 substituendo
1547 4174 1757 4290 sineffiffl‘

570 4313 713 4390 fratrum
735 4315 945 4382 mutilatione
976 4315 1189 4394 celebrarent,
1212 4314 1446 4403 promittentes
1467 4307 1735 4438 fideliter,;‘⁰¹ae⁸

605 4593 611 4624 ¹
630 4598 654 4642 er
674 4588 768 4658 spiculo
786 4588 955 4657 omstdstc]
980 4587 1073 4642 Added
1117 4588 1181 4641 linas
1200 4597 1299 4655 present
1317 4590 1360 4642 the
1379 4603 1535 4656 appearance
1552 4607 1581 4644 ss
1599 4589 1624 4644 ir

571 4671 600 4722 in
619 4687 707 4738 marg..
725 4671 776 4722 sud
796 4669 908 4722 inserted
925 4669 953 4720 in
973 4675 1029 4722 text
1045 4670 1077 4720 of
1117 4669 1161 4721 the
1172 4670 1263 4722 author
1272 4670 1323 4723 md
1334 4671 1417 4736 begun
1428 4677 1456 4722 to
1466 4685 1536 4722 erese
1542 4671 1620 4733 them,

572 4751 604 4803 ll.
1118 4751 1169 4800 aud
1186 4750 1247 4800 then
1270 4750 1322 4801 had
1340 4750 1455 4816 changed
1477 4750 1518 4800 his
1539 4751 1619 4813 mind,

606 4827 765 4897 ’llcpslom]
793 4829 825 4880 In
853 4828 896 4880 the
923 4828 1023 4897 margin
1051 4828 1075 4881 is
1118 4829 1287 4881 sudslloved
1297 4829 1522 4882 thntoremain.

571 4911 661 4974 added,
673 4907 825 4963 oellliolom.
1152 4909 1357 4978 nuperorum]
1375 4909 1597 4979 Addedinmarg.

605 4992 655 5042 'el
670 4992 782 5058 quonium
798 5027 806 5045 .
824 5025 832 5046 .
848 5025 855 5044 .
873 4990 966 5058 loures]
991 4989 1075 5043 These
