4242 6159
700 1050 748 1098 nn
768 1049 930 1100 murone
952 1050 1053 1100 annm
1076 1051 1232 1111 amaror,
1254 1049 1321 1099 v1z.
1343 1051 1468 1100 rnarrr.
1537 1034 1605 1105 347

534 1221 645 1290 ‚cives
673 1220 863 1287 frendentes
884 1221 923 1287 in
945 1222 1147 1303 Hubertum,
1178 1229 1369 1312 suggestum
1395 1223 1462 1290 fuit
1491 1224 1562 1310 regi
1584 1229 1687 1288 aar).
1702 1233 1777 1282 12³2·

556 1324 676 1389 comite
707 1323 884 1403 cestrensi,
914 1325 1012 1410 quod,
1035 1327 1065 1390 si
1088 1325 1190 1391 talem
1219 1327 1380 1397 excitaret
1409 1325 1604 1392 seditionem

528 1425 593 1496 .in
614 1425 716 1512 vulgo
746 1425 967 1492 irrationabili
996 1449 1035 1493 ac
1064 1433 1229 1516 protervo,
1259 1433 1370 1515 posset
1391 1449 1451 1494 rex
1479 1429 1606 1506 timere,

529 1577 538 1598 .
556 1548 599 1592 na
617 1528 723 1613 ipsam
744 1527 845 1594 semel
865 1525 1008 1594 motaml
1028 1530 1143 1596 sedare
1163 1551 1232 1596 non
1249 1531 1385 1608 valeret,
1404 1552 1479 1596 oum
1497 1531 1606 1596 vellet.

528 1634 576 1698 0“
599 1629 645 1694 Et
675 1630 712 1708 si,
744 1629 856 1696 diruta
886 1631 1029 1709 ecclesia,
1061 1633 1278 1718 perimeretur
1308 1631 1521 1718 H[ubertus],
1546 1633 1604 1718 qui

531 1731 669 1819 magni
691 1732 836 1797 nominis
865 1737 916 1798 est
944 1733 982 1798 in
1008 1729 1163 1821 'partibus
1192 1734 1431 1814 transmarinis,
1455 1735 1520 1800 erit
1543 1735 1607 1802 tibi

532 1833 593 1898 .in
613 1834 826 1920 obprobrium
845 1855 904 1921 per
920 1835 1054 1901 seoula''
1101 1836 1233 1901 Mutato
1255 1836 1359 1923 igitur
1380 1836 1524 1917 consilio,
1547 1859 1609 1903 rex

530 1983 544 2004 a
557 1956 679 2015 omnes,
701 1937 802 2002 misso
822 1936 945 2003 festino
967 1938 1099 2019 nuncio,
1123 1939 1303 2004 revocavit.

530 2191 538 2310 ἰ
555 2211 655 2280 Idem
678 2213 851 2280 Hubertua
872 2237 896 2280 c
917 2215 1071 2302 pradum
1092 2215 1223 2304 capello
1245 2211 1487 2295 retractauit
1510 2211 1606 2279 turri

851 2317 1122 2384 Loadona'umtra
1144 2317 1307 2384 sinatur.

531 2498 536 2510 ·
600 2463 802 2529 Procurante
823 2465 928 2551 igitur
949 2466 1192 2554 archiepiscopo
1210 2465 1409 2531 Dublinensi
1432 2465 1532 2544 Luca,
1547 2461 1605 2548 qui
1616 2463 1716 2546 Hubert

556 2566 733 2652 aliquando
756 2568 941 2654 capellanus
972 2567 1119 2633 Huberti
1151 2569 1320 2646 extiterat,
1342 2572 1378 2634 et
1407 2589 1466 2656 per
1494 2567 1605 2654 ipsum
1616 2533 1744 2663 ‘pm'

531 2701 545 2732 ·.
557 2669 820 2757 promovebatur,
843 2691 996 2736 concessa
1023 2675 1075 2736 est
1098 2669 1204 2735 eidem
1235 2670 1389 2736 Huberto
1411 2691 1479 2756 pax
1501 2689 1606 2755 usque
1714 2747 1719 2756 ὓ

531 2805 538 2820 ·
558 2771 603 2836 ad
619 2775 752 2836 octavas
770 2773 976 2859 Epiphaniae,
997 2777 1037 2838 ut
1060 2777 1192 2858 tempus
1214 2771 1352 2837 haberet
1371 2771 1507 2836 interim
1527 2771 1608 2836 deli·

531 2871 696 2939 ·bsrandi
722 2896 819 2961 super
848 2875 1033 2962 praemissis
1079 2874 1172 2939 Tunc
1194 2874 1376 2952 Hubertus,
1401 2879 1543 2960 accepta,
1566 2878 1732 2950 utHegoer

530 2977 719 3054 ·oredebat‚
741 2979 928 3056 securitate,
952 2979 1017 3042 lter
1043 2977 1185 3062 arripuit
1207 2977 1251 3041 ad
1274 2975 1435 3041 Sanctum
1458 2951 1774 3070 Edmun-ffiffi'dgf'

558 3077 648 3157 dum,
673 3079 730 3144 ubi
751 3101 838 3145 uxor
867 3079 937 3166 ejus
967 3078 1168 3156 morabatur,
1197 3077 1331 3166 gloriosi
1355 3076 1442 3164 regis
1464 3081 1499 3143 et
1522 3099 1607 3142 mar-

558 3180 633 3245 tiris
646 3187 824 3268 rogaturus
842 3183 883 3247 de
897 3182 1113 3248 tribulatione
1133 3180 1388 3246 consolationem
1401 3202 1410 3254 ;
1433 3177 1486 3244 et‘
1500 3178 1609 3244 obiter

506 3297 510 3305 '
557 3281 744 3370 hospitatus
775 3289 827 3350 est
855 3285 892 3349 in
921 3285 1013 3366 villa,
1036 3307 1112 3370 quoe
1142 3284 1185 3350 ad
1210 3283 1268 3369 jus
1297 3282 1442 3369 pertinet
1475 3280 1608 3347 Norwi·

556 3387 661 3450 oensis
693 3387 844 3475 episcopi,
877 3388 914 3451 in
948 3386 1101 3453 domibus
1135 3386 1281 3472 ejusdem
1314 3383 1463 3472 episcopi
1510 3383 1609 3464 Quod

557 3508 632 3551 cum
650 3489 721 3574 regi
741 3489 949 3569 innotuisset,
968 3490 1019 3555 ira
1037 3489 1212 3555 incanduit
1230 3488 1428 3565 vehementi,
1447 3491 1607 3562 metuens,

555 3587 618 3653 ut³
632 3589 661 3654 si
681 3590 731 3655 ita
750 3591 925 3656 Hubertus
943 3591 1120 3672 recederet,
1137 3589 1421 3679 perturbationem
1439 3587 1608 3654 machina-

553 3695 647 3756 retur
668 3692 705 3755 in
722 3714 831 3779 regno.
877 3693 978 3758 Unde
996 3693 1170 3779 poenitens,
1191 3691 1283 3757 misit
1304 3696 1380 3778 post
1402 3713 1479 3756 eum
1499 3689 1606 3755 Goda-
1620 3697 1752 3762 Theking

553 3791 677 3858 fridum
708 3794 750 3859 de
780 3793 1024 3871 Orauecumbe,⁴
1049 3796 1199 3872 militem,
1230 3816 1305 3860 oum
1335 3790 1430 3859 coeth.
1459 3792 1604 3871 armatis,
1618 3765 1776 3896 fflpepd,

555 3895 746 3982 praecipiens
768 3896 831 3961 sub
852 3918 953 3983 poena
974 3897 1152 3982 suspendii,
1176 3897 1333 3981 quatinus
1354 3895 1449 3960 illum
1472 3900 1606 3982 captum
1619 3897 1776 3948 maneamus

554 3999 758 4076 reducerent,
782 4006 817 4064 et
839 3998 876 4063 in
898 4000 985 4063 turri
1015 3998 1264 4064 Londoniarum
1286 3997 1438 4062 vinetum
1461 3972 1736 4079 incarus-ffrest

530 4105 676 4195 manent.
722 4102 771 4166 At
800 4101 852 4165 illi
881 4123 956 4166 cum
985 4100 1198 4165 festinatione
1228 4099 1375 4185 profecti,
1402 4099 1607 4164 invenerunt

557 4201 748 4268 Hubertum
769 4203 807 4267 in
828 4202 972 4289 quodam
991 4202 1127 4291 capella,
1149 4223 1277 4268 crucem
1298 4202 1336 4266 in
1357 4223 1426 4265 una
1448 4222 1551 4264 manu
1572 4204 1608 4266 et

555 4305 593 4371 in
618 4305 723 4372 altera
756 4328 873 4392 corpus
904 4304 1117 4370 Dominicum
1146 4304 1360 4390 bajulantem.
1407 4303 1490 4368 Erat
1516 4303 1606 4367 enim

555 4409 773 4495 premunitus
807 4408 848 4473 de
884 4407 1000 4494 rapido
1033 4407 1181 4472 adventu
1211 4405 1430 4492 quaerentium
1460 4403 1606 4469 animam

474 4603 480 4612 ι
533 4511 634 4597 ,ejus
679 4512 731 4576 De
762 4533 838 4597 qua,
871 4532 945 4576 cum
976 4507 1041 4574 ad⁶
1068 4509 1275 4574 vocationem
1310 4507 1481 4573 Godefridi
1514 4508 1764 4629 exircffissffi

588 4743 714 4809 luorum]
733 4743 827 4792 Added
838 4741 865 4791 in
877 4756 956 4806 marg.
1135 4739 1202 4804 ἰή]
1216 4739 1298 4798 nali.
1333 4739 1390 4790 Om.
1402 4738 1443 4789 W.
1455 4739 1486 4790 B.
1498 4737 1528 4790 G.

587 4824 598 4852 ²
614 4824 650 4889 et]
665 4823 700 4873 So
716 4822 815 4872 writtm
827 4828 853 4872 at
863 4821 925 4881 first,
943 4819 1009 4870 asin
1021 4819 1061 4878 E,
1137 4820 1146 4849 ¹
1166 4816 1344 4884 Crauecumhe]
1367 4819 1546 4880 Croueoumbe,
1558 4817 1589 4870 a

555 4903 603 4953 but
625 4903 770 4953 camarda
792 4901 887 4951 mmcd.
926 4899 983 4949 The
1005 4914 1062 4949 sen·
1138 4896 1373 4962 'ud]1nterlined.

556 4989 637 5042 tenos,
648 4981 774 5043 however,
784 4979 896 5045 requires
908 4977 937 5030 it.
