4242 6159
565 1039 629 1104 206
698 1049 865 1104 narrum
887 1049 1100 1104 rumsrnusm
1122 1047 1287 1100 maroam
1308 1048 1510 1101 russonum

394 1233 463 1288 An.
479 1237 551 1288 1217.
565 1226 654 1294 Nam
684 1227 841 1296 continuo
864 1227 908 1294 ad
929 1226 1129 1295 fidelitatem
1161 1226 1249 1314 regis
1278 1224 1476 1293 avolarunt¹
1509 1246 1623 1293 comes

394 1327 552 1446 ἒξεέξοῡῡ
567 1331 752 1398 Willelmus
782 1329 1059 1413 saresbiriensis,l
1090 1352 1197 1399 comes
1222 1329 1444 1419 W[illelmus]
1475 1329 1518 1396 de
1544 1329 1616 1396 Ha-

395 1463 462 1512 their
473 1465 532 1514 ,ua
564 1437 689 1515 rundel,
726 1457 831 1502 comes
865 1433 1086 1523 W[illelmus]
1116 1433 1317 1514 Warcnniae,
1352 1438 1387 1500 et
1416 1432 1477 1498 alii
1505 1433 1615 1515 multi,

395 1529 524 1662 {2⁰15}ss
564 1540 653 1606 dicto
675 1539 746 1626 regi
768 1539 922 1627 deinceps
943 1539 1088 1606 fideliter
1109 1538 1324 1606 adhaerentes.
1379 1535 1446 1604 Sed
1467 1540 1503 1603 et
1525 1559 1622 1624 mag-

516 1635 521 1648 '
564 1664 629 1709 nus
644 1643 857 1710 Marescallus
872 1641 1088 1721 Willelmum,
1110 1641 1219 1708 filiurn
1233 1663 1332 1708 suum
1346 1638 1620 1730 primogenitum,

562 1747 611 1824 ad,
634 1748 720 1834 regis
754 1747 952 1812 fidelitatem
982 1767 1150 1828 revocans,
1181 1752 1310 1833 partem
1343 1743 1525 1812 Lodouuici
1546 1766 1618 1813 non-

563 1850 771 1917 mediocriter
791 1849 971 1917 mutilavit.

762 2127 813 2192 De
836 2124 1007 2192 obsidione
1030 2125 1134 2192 casiod
1156 2124 1198 2192 dc
1220 2124 1421 2192 Muctsorel.

394 2285 469 2352 siege
480 2288 510 2338 or
606 2275 671 2340 Per
692 2275 781 2340 idem
812 2280 945 2360 tempus
975 2277 1051 2359 post
1075 2271 1210 2349 Pascha,
1232 2276 1429 2359 procurante
1444 2270 1789 2346 willelmonoguaa

392 2355 532 2472 {lffl}
561 2377 764 2458 Marescallo,
800 2379 1026 2442 convenerunt
1057 2375 1101 2440 ad
1135 2374 1352 2441 obsidendum
1390 2381 1535 2441 castrum
1570 2374 1611 2440 de
1659 2349 1696 2399 ¹³·
1711 2355 1752 2400 ¹⁴·

392 2488 463 2538 sorel.
560 2480 743 2546 Muntsorel
769 2478 972 2568 Ranulphus,
989 2500 1096 2545 comes
1113 2477 1260 2558 Oestriae,
1283 2479 1481 2560 Willelmus,
1504 2499 1612 2545 comes

560 2583 781 2664 Albemarliae,
806 2582 1000 2661 willelmus,
1017 2603 1125 2648 comes
1148 2583 1189 2649 dc
1212 2582 1366 2661 Ferariis,
1383 2583 1549 2648 Robertus
1571 2583 1612 2647 de

560 2684 799 2773 Veteri-ponte,
825 2685 990 2752 Briennus
1013 2685 1054 2751 de
1071 2685 1194 2765 Insula,
1217 2686 1405 2751 Willelmus
1429 2686 1469 2751 de
1491 2685 1611 2752 (lante-

558 2789 647 2877 lupo,
681 2789 854 2876 Philippus
889 2789 988 2869 Marc,
1022 2789 1189 2866 Robertus
1222 2788 1264 2854 de
1295 2788 1412 2876 Gargi,
1444 2788 1612 2855 Falcasius

559 2914 634 2958 cum
657 2893 845 2957 castellanis
868 2891 945 2972 siris,
972 2896 1007 2956 et
1033 2891 1092 2955 alii
1114 2890 1212 2956 multi
1237 2912 1281 2955 ex
1305 2891 1468 2978 praesidiis
1491 2896 1613 2964 castro·

560 3019 643 3074 rum,
669 2995 756 3081 [qui]
769 2994 782 3032 ⁸
797 2999 943 3060 castrum
966 2995 1007 3060 de
1024 2993 1210 3060 Muntsorel
1233 2992 1428 3061 obsiderunt
1443 2999 1479 3060 et
1493 2995 1613 3060 acriter

560 3100 761 3165 invaserunt.
808 3097 892 3163 Erat
914 3104 1027 3163 autem
1060 3119 1209 3163 summus
1230 3098 1266 3162 in
1289 3098 1424 3163 castello
1447 3097 1611 3162 Henricus

560 3202 601 3266 de
624 3200 789 3280 Braibroc,
804 3205 839 3266 ct
862 3201 974 3266 decem
988 3199 1113 3266 milites
1135 3221 1209 3265 cum
1233 3222 1272 3265 eo
1293 3201 1522 3279 strenuissimi,
1536 3221 1610 3266 curn

560 3304 783 3371 servientibus
807 3302 1070 3390 quamplurimis.
1109 3301 1185 3382 Qui,
1199 3303 1513 3390 supervenientibus
1535 3303 1628 3370 hos.

558 3408 650 3473 tibus
679 3407 757 3472 licet
788 3405 942 3484 infinitis,
973 3405 1200 3472 assilientibus
1233 3405 1379 3471 viriliter
1410 3406 1630 3484 resistentes.

559 3510 685 3598 lapides
704 3530 764 3597 pro
786 3508 964 3596 lapidibus,
978 3507 1047 3574 tela
1062 3529 1122 3596 pro
1137 3508 1214 3576 telis
1235 3508 1491 3596 infatigabiliter
1512 3509 1611 3575 remi·

393 3633 502 3683 Thebe·
559 3616 680 3680 serunt.
727 3612 852 3678 Inclusi
878 3633 1009 3699 quoque
1041 3633 1100 3700 per
1121 3611 1193 3678 dies
1214 3611 1339 3679 multos
1360 3617 1505 3680 cestrum
1527 3612 1610 3679 bene

392 3698 547 3817 mpod
559 3716 791 3797 defendissent,
825 3715 899 3793 nisi,
936 3737 979 3782 ns
1013 3715 1101 3782 forte
1133 3715 1235 3803 longa
1266 3716 1437 3783 obsidione
1470 3716 1610 3782 deficere

391 3805 500 3912 earlof’
559 3824 763 3909 cogerentur,
792 3817 960 3886 misissent
982 3819 1026 3886 od
1057 3819 1197 3900 Sarrum,
1222 3819 1376 3886 comitem
1399 3819 1610 3888 wintonien·

392 3900 636 4030 fflss‘gpsem,
658 3923 717 4012 qui
739 3927 821 3988 tunc
852 3921 1032 3990 Londoniis
1055 3928 1136 4005 erat,
1160 3922 1369 3990 obsecrantes
1399 3926 1440 3988 ut
1460 3923 1609 3990 celeriter
1620 3938 1787 4020 Ropwmc.

558 4027 697 4095 obsessis
718 4025 920 4092 subveniret.
975 4025 1069 4094 Tunc
1099 4048 1206 4094 comes
1229 4025 1388 4113 S[oerus],
1410 4026 1503 4111 cujus
1524 4025 1608 4092 illud
1660 4024 1695 4060 ι’·
1710 4015 1750 4064 ¹⁵·

558 4136 629 4197 erat
660 4135 812 4208 castrum,
836 4128 880 4194 ad
911 4128 1135 4207 Lodowicum,
1158 4131 1217 4216 qui
1251 4151 1358 4218 nuper
1389 4131 1430 4195 de
1457 4129 1609 4216 portibus

558 4238 695 4301 venerat
724 4232 956 4298 transmarinis
975 4236 1014 4302 ,et
1037 4234 1074 4298 in
1103 4235 1186 4300 urbe
1218 4232 1328 4300 fuerat
1353 4231 1607 4311 Londoniarum,

559 4338 721 4414 accedens,
743 4335 926 4421 postulavit
950 4357 1025 4401 eum
1049 4357 1124 4400 cum
1147 4335 1262 4401 amicis
1276 4335 1454 4412 obnixius,⁴
1476 4341 1517 4400 ut
1533 4335 1609 4402 sub-

559 4440 679 4506 sidium
696 4439 846 4504 mitteret
869 4437 1104 4524 milibusque
1126 4439 1255 4504 obsidio
1273 4438 1462 4504 solveretur.
1507 4438 1608 4515 Tunc,

558 4542 674 4608 habito
705 4545 859 4618 tractatu,
882 4541 1102 4607 communiter
1132 4540 1175 4606 ad
1207 4541 1350 4606 invicem
1384 4539 1607 4620 decreverunt,

764 4743 1266 4751 ,——,.-—--—.—.—-...—.
1276 4744 1609 4752 -—--.—-—-..-...-—.

593 4849 756 4918 ¹cvolcrunl]
786 4853 878 4903 Added
901 4867 934 4903 on
962 4859 989 4904 to
1017 4853 1059 4904 the
1137 4851 1214 4918 'quq
1234 4853 1356 4919 Supplied
1366 4855 1431 4906 fl'om
1443 4855 1485 4907 W.
1496 4857 1528 4906 B.
1539 4856 1569 4908 0.

561 4940 622 4984 text.
1139 4931 1282 4999 monam]
1296 4933 1429 4998 obnoxius,
1441 4935 1497 4987 Ms.
1515 4934 1567 4986 and
1576 4937 1607 4986 B.

593 5009 819 5077 marcsteinen]
839 5007 1009 5073 sanstus.
1105 5011 1136 5063 C.
1170 5012 1241 5064 eorr.
1253 5014 1319 5064 from
1331 5014 1373 5065 W.
1386 5013 1408 5065 1.
