4242 6159
610 1094 659 1147 nn
680 1094 842 1147 rnnronn
864 1094 968 1149 sams
989 1094 1148 1163 amaror,
1171 1096 1240 1149 vm.
1263 1096 1387 1151 rnarn.
1459 1082 1524 1149 435

526 1427 654 1499 aaut
674 1428 1174 1603 mmmmm
1198 1428 1471 1519 archiepiscopus
1536 1446 1606 1503 an.
1619 1455 1695 1509 1240.

1059 1555 1111 1605 aa.

513 1712 640 1779 Diebus
661 1733 791 1800 quoque
812 1712 874 1778 sub
908 1711 1031 1779 eisdem
1062 1710 1323 1799 archiepiscopus
1346 1708 1521 1778 Oantuari·
1534 1718 1695 1787 Thaumas

467 1818 554 1883 ensis
588 1816 797 1882 AEdmundus
828 1815 1029 1904 comperiens
1062 1836 1096 1881 se
1126 1815 1163 1880 in
1193 1814 1255 1880 hac
1276 1814 1520 1884 contributione
1532 1786 1691 1907 ,cffibff

468 1920 647 1987 enormiter
685 1924 873 2008 gravatum,
910 1918 1122 2007 marcaaque¹
1162 1918 1369 2007 octingentas
1407 1919 1521 1987 dolens
1534 1922 1615 1973 attha

468 2023 601 2089 domino
631 2044 728 2112 papa
761 2044 959 2105 numerasse,
982 2044 1057 2091 cum
1089 2021 1230 2089 vidisset
1260 2022 1429 2089 aeclesiam
1451 1990 1691 2122 An-ffiigissi,tho

467 2128 631 2216 glioanam
654 2127 774 2194 diatim
796 2128 902 2217 magis
923 2148 963 2193 ac
983 2126 1090 2215 magis
1112 2126 1302 2207 conculcari,
1325 2126 1420 2193 bonis
1437 2122 1638 2192 tem-⁰1ulreb

466 2230 635 2321 poralibus
650 2230 855 2310 datiuum,
878 2252 916 2297 ac
937 2230 1088 2319 pristinis
1110 2228 1322 2296 libertatibus
1343 2229 1524 2317 spirituali-

466 2334 530 2399 bus
567 2334 751 2421 spoliatam,
790 2334 928 2401 afl'ectus
965 2338 1016 2400 est
1055 2332 1157 2401 taedio
1194 2332 1283 2420 quod
1320 2332 1451 2403 viveret
1488 2338 1523 2399 et

467 2436 599 2505 videret
620 2436 709 2503 mala
729 2438 840 2525 gentis
870 2459 940 2504 suae
970 2458 1071 2525 super
1102 2440 1235 2503 terram.
1280 2434 1523 2524 Increpansqua

467 2562 586 2628 regem,
609 2540 699 2628 quod
720 2541 803 2607 talia
824 2539 992 2618 toleraret,
1025 2540 1077 2606 nil
1102 2539 1168 2613 nisi
1199 2539 1397 2607 dilationum
1419 2541 1523 2607 verba

466 2644 672 2735 reportavit3
694 2644 875 2710 admonens
895 2644 1052 2731 legatum,
1076 2642 1160 2709 nihil
1189 2644 1254 2709 nisi
1276 2666 1396 2710 sannas
1417 2644 1460 2710 ab
1484 2666 1522 2711 eo

467 2752 502 2814 et
525 2746 684 2814 Romanis
705 2747 774 2813 suis
807 2746 940 2834 recepit,
964 2752 1007 2825 et,
1029 2744 1118 2832 quod
1139 2748 1246 2835 magis
1268 2768 1344 2813 eum
1367 2748 1522 2835 angebat,

466 2851 701 2917 auctoritatem
723 2872 825 2929 suam,
848 2851 886 2915 in
908 2849 1061 2915 omnibus
1084 2848 1204 2935 quibus
1226 2855 1366 2937 poterat,
1387 2852 1522 2918 mutila-

466 2954 526 3021 vit.
572 2954 693 3021 Tactus
715 2976 793 3043 ergo
815 2953 928 3019 dolore
958 2952 1066 3019 cordis
1087 2952 1295 3032 intrinsecus,
1318 2954 1396 3040 qnia
1417 2955 1522 3021 variis
1534 2968 1648 3037 Hegoes

466 3058 613 3145 undique
634 3056 804 3124 lacessitus
825 3056 967 3144 injuriis,
983 3054 1120 3122 transiit
1142 3054 1253 3122 subito
1275 3056 1313 3121 in
1336 3058 1520 3138 Franciam,
1533 3046 1633 3159 ἓξὲξ

466 3168 509 3241 ot,
543 3163 705 3250 castigata
734 3161 868 3239 familia,
900 3161 1040 3228 formam
1071 3160 1184 3227 induit
1218 3162 1394 3229 exulantis
1449 3162 1521 3231 Nec

465 3266 574 3332 adhuc
587 3271 701 3332 tamen
715 3266 906 3353 pacificatus
920 3264 986 3332 fuit
1001 3265 1032 3331 ei
1047 3270 1229 3331 conventus
1244 3263 1322 3351 ejus
1359 3265 1522 3333 Exulavit
1595 3268 1598 3271 ’

464 3370 571 3457 igitur
603 3370 659 3447 sie,
689 3368 761 3436 Deo
795 3369 941 3452 volente,
972 3368 1179 3449 irrediturus,
1217 3368 1305 3434 unde
1342 3368 1519 3437 indelebile

465 3472 680 3561 obprobrium
710 3471 851 3539 incurrit
885 3472 1017 3560 Anglia,
1048 3472 1107 3539 sed
1138 3472 1283 3540 maxime
1309 3473 1451 3556 ecelesia,
1476 3474 1518 3541 da

464 3580 536 3643 tam
577 3576 685 3642 sancti
717 3576 785 3641 viri
823 3575 1000 3642 offensione
1038 3580 1073 3642 et
1110 3576 1295 3644 amissione.
1356 3576 1403 3667 Et
1440 3600 1516 3645 oum

464 3700 660 3745 recessurus·
679 3678 879 3745 valediceret
920 3678 998 3766 regi,
1033 3679 1167 3767 plorans
1205 3680 1262 3760 ait,
1303 3680 1513 3769 “Nunquam

464 3782 581 3848 faciem
602 3804 711 3849 meam
733 3782 875 3869 amplius
905 3781 1090 3849 videbis.''⁹
1143 3784 1245 3872 Apud
1282 3783 1516 3853 Pontiniaoum
1534 3787 1659 3871 ⁸¹3de

465 3888 576 3977 igitur,
615 3888 673 3955 ubi
710 3888 926 3975 praedecessor
963 3888 1034 3976 ejus
1072 3888 1190 3956 beatus
1228 3888 1372 3956 Thomas
1401 3894 1520 3959 martir
1533 3855 1650 3975 {1¹22}ss

464 4014 631 4080 pressuras
653 3992 799 4061 tolerans
820 3991 978 4071 latitavit,
1001 3999 1222 4061 commoratus
1245 3998 1315 4077 est3
1345 3995 1405 4061 ubi
1430 3997 1446 4084 j
1462 3996 1519 4083 ju·
1532 3988 1672 4061 Ponugny.

464 4097 529 4161 niis
551 4101 585 4162 et
607 4096 813 4163 orationibus
833 4095 1019 4175 intendens,
1035 4101 1187 4187 tempora
1200 4098 1422 4167 commodiora
1436 4122 1519 4189 prae-

464 4198 656 4267 stolabatur.

499 4527 507 4558 ¹
524 4542 551 4576 ae
567 4527 594 4575 ia
610 4526 658 4577 tac
675 4562 682 4578 .
701 4562 707 4577 .
726 4563 732 4576 .
750 4525 907 4604 marcorque]
927 4526 969 4579 On
1046 4526 1175 4579 ²Etuam
1194 4566 1200 4579 .
1218 4566 1225 4580 .
1244 4566 1250 4581 .
1269 4565 1276 4580 .
1294 4527 1400 4597 videbr'a]
1423 4529 1516 4583 Added

465 4620 498 4659 an
510 4619 618 4658 erasure.
1013 4605 1041 4657 in
1052 4622 1133 4673 marg.
