4242 6159
584 1098 649 1165 382
709 1107 875 1164 nar-rw
897 1106 1109 1163 Pleumusrs
1131 1109 1296 1163 meroem
1317 1110 1516 1167 auenoauu.

414 1294 482 1351 al).
497 1289 642 1355 usaeto.
688 1286 731 1355 In
754 1286 875 1373 quibue
896 1286 1049 1373 quaedem
1071 1285 1255 1367 innovavit,
1270 1308 1313 1355 ne
1328 1288 1452 1357 soilioet
1465 1289 1633 1378 illegitimi

582 1387 773 1476 proelaoios¹
788 1389 844 1457 rel
865 1388 1084 1457 wdoumtiea
1105 1389 1272 1470 beneficia,
1288 1390 1354 1459 nisi
1369 1392 1494 1481 adepta
1514 1416 1536 1459 o
1557 1394 1633 1461 sedo

584 1492 734 1559 Romana
761 1492 1016 1581 legitimationis
1046 1492 1300 1581 dispensatione,
1323 1495 1505 1582 optineant,
1530 1498 1656 1565 eniens.
1710 1532 1717 1557 ι

583 1595 662 1665 inde
684 1596 785 1665 euriae
808 1596 968 1664 Romanae
999 1615 1061 1684 pro
1093 1596 1329 1685 impetratione
1351 1596 1439 1667 teli⁸
1460 1600 1568 1667 multa
1596 1600 1632 1667 in

583 1698 813 1788 spiritualibus
858 1704 893 1767 et
931 1697 1190 1787 temporalibus⁸
1227 1702 1398 1767 eommoda
1434 1702 1633 1790 provenire,⁴

584 1802 670 1870 sieut
698 1824 741 1869 ex
762 1806 891 1870 statuto
920 1802 1110 1871 Innooentii
1140 1824 1200 1891 pro
1223 1802 1466 1891 dispensatione
1488 1806 1632 1893 plurium

416 1915 567 1998 Summos
585 1905 820 1973 beneficiorum
856 1904 1120 1993 optinendorum.
1175 1906 1383 1975 Reimundus
1416 1928 1555 1995 quoque,
1587 1910 1633 1977 sio

412 1985 570 2117 affigi*
585 2010 716 2075 volente
749 2030 877 2075 summo
909 2009 1073 2096 pontifioe,
1097 2008 1268 2075 Summam
1301 2008 1466 2097 quandem
1496 2010 1634 2077 confecit

413 2118 499 2185 ἱστίη.
585 2111 768 2200 perutilem,
792 2112 850 2178 ubi
882 2113 945 2177 sub
977 2112 1144 2179 succincta
1173 2112 1340 2178 brevitate
1371 2112 1478 2177 multe
1499 2118 1569 2177 tam
1592 2115 1632 2180 de

583 2214 674 2282 civili
696 2237 796 2303 quam
811 2215 967 2281 eanonieo
984 2214 1061 2301 jure
1083 2215 1304 2281 eontinentur.
1350 2215 1431 2283 Erat
1451 2219 1563 2281 eutem
1577 2216 1631 2283 ille

584 2317 789 2384 Reimundus
812 2317 915 2383 frater
945 2316 986 2383 de
1020 2316 1146 2383 Ordine
1174 2316 1443 2397 Praedicetomm,
1466 2317 1632 2406 eleganter

582 2421 682 2491 nimis
703 2422 740 2488 in
761 2421 936 2489 literatura
958 2420 1135 2509 multiplici
1158 2421 1342 2509 expeditus.

965 2708 1016 2777 De
1037 2708 1244 2775 oaoioeoue

413 2866 574 2927 Immo!
627 2857 753 2926 Diebus
775 2863 889 2927 autem
911 2858 973 2925 sub
996 2859 1120 2927 eisdem
1135 2858 1268 2947 quidem
1291 2860 1531 2927 ultramontani
1554 2880 1630 2927 usu-

410 2936 567 3055 l‘fflm
583 2963 671 3043 rarii,
694 2965 754 3051 qui
784 2986 820 3031 ee
842 2964 1019 3032 Oeursinos
1052 2965 1276 3045 nominarunt,
1300 2967 1480 3029 asserentes
1503 2985 1537 3030 se
1560 2984 1630 3029 esee

414 3070 537 3127 cionint
583 3071 780 3135 mercatores
811 3068 1029 3149 denariorum,
1063 3072 1098 3135 et
1128 3072 1243 3157 postea
1280 3066 1452 3155 specialius
1490 3088 1524 3133 se
1561 3088 1630 3132 esse

579 3172 775 3239 mereetdres
796 3171 922 3238 domini
950 3193 1045 3261 papae
1067 3170 1122 3237 vel
1144 3171 1404 3250 escambiooores,
1427 3170 1508 3237 adeo
1538 3168 1629 3257 prius

578 3274 761 3341 Londoniis
782 3274 971 3341 habitantes
986 3279 1109 3341 terram
1132 3279 1241 3341 totam
1255 3274 1448 3354 infecerunt,
1464 3280 1503 3340 ut
1526 3274 1627 3340 etiam

581 3379 671 3445 cives
692 3382 729 3445 et
756 3377 889 3459 incolas,
913 3384 947 3444 et
980 3376 1142 3455 etiamsi
1173 3376 1222 3443 fas
1249 3382 1299 3443 est
1329 3376 1445 3459 dicere,
1469 3376 1627 3463 quosdam

578 3482 731 3549 literatos
753 3480 916 3548 consimili
939 3480 1024 3547 vitio
1048 3476 1258 3562 infecerunt‚⁰
1279 3484 1314 3547 et
1336 3478 1530 3567 sophisticos
1552 3502 1628 3546 usu·

578 3585 682 3651 rarios
718 3606 787 3651 esee
824 3584 1012 3650 doouenmt.
1067 3583 1206 3666 Multos:
1219 3584 1306 3649 enim
1343 3582 1563 3671 illaquearant
1593 3587 1628 3649 et

577 3687 771 3775 illaqueatos
794 3686 1069 3777 depauperamnt
1091 3691 1133 3757 ut
1161 3685 1285 3757 loeuloe
1314 3687 1462 3779 proprios
1486 3686 1626 3777 impreg-

578 3796 706 3860 nerent.

613 4106 777 4173 ¹proelocios]
801 4106 839 4157 At
860 4106 915 4157 first
936 4104 1079 4156 wittonis
1128 4104 1190 4166 nire,
1216 4104 1272 4157 MS.
1315 4104 1347 4157 In
1369 4104 1401 4156 B.
1422 4104 1451 4157 Ο.
1474 4103 1626 4157 momente

574 4186 717 4255 proteus,
728 4186 794 4239 aslu
812 4185 843 4239 B.
852 4184 891 4248 0.,
901 4186 947 4236 but
964 4186 990 4235 in
1002 4184 1079 4237 alter·
1124 4185 1261 4251 provenire.

578 4266 769 4321 vardseraaed.
1160 4264 1329 4333 walnen]
1357 4265 1498 4333 Originally
1525 4266 1624 4319 written

610 4367 691 4440 Ἧι]
709 4368 778 4429 ulit.
789 4366 845 4419 MS·
1128 4342 1170 4395 De
1184 4353 1253 4410 peste
1272 4344 1456 4407 Cauraiaoruoe
1467 4348 1513 4399 but
1530 4346 1624 4397 uured

611 4470 840 4545 'lml’f'lmllb‘'
853 4480 876 4524 θ’
893 4470 1076 4541 mimum]
1125 4424 1340 4556 lrlrolemllmlhll
1367 4424 1625 4570 {lagercme'rlrlhrsl

579 4559 621 4610 0¹¹
632 4573 665 4607 ΕΠ
676 4569 783 4607 ‘mm
1126 4590 1141 4614 ‘⁴
1153 4583 1249 4635 dubiam
1257 4583 1272 4607 ”
1283 4584 1305 4633 ia
1316 4584 1407 4635 affixed
1425 4585 1452 4635 in
1463 4584 1507 4653 the
1517 4586 1623 4651 margin.

611 4653 751 4706 ‘commodo
755 4652 897 4719 provenire]
911 4654 1015 4703 comoda
1022 4666 1079 4716 1³¹⁰·
1158 4662 1328 4731 ‘inserer-ool]
1347 4664 1505 4727 imseoerunt,
1517 4664 1572 4716 MS
