4242 6159
755 1061 805 1111 ns
827 1061 987 1113 reasons
1009 1061 1112 1114 neers
1134 1064 1317 1117 rossanus.
1498 1054 1559 1119 161

490 1240 630 1302 .nantns
645 1240 680 1303 et
693 1237 872 1324 piscatores
886 1238 923 1304 in
937 1239 1100 1326 praedicta
1121 1240 1230 1307 insula
1245 1246 1279 1307 et
1294 1242 1380 1307 circa
1394 1242 1562 1309 maritima
1575 1249 1643 1302 M>-
1658 1256 1731 1302 121⁵·

491 1336 720 1427 .diffiguratus
742 1341 804 1407 sub
835 1342 922 1420 diro,
944 1364 1004 1429 per
1033 1347 1104 1409 tres
1126 1343 1257 1410 circiter
1279 1366 1426 1427 menses;
1458 1352 1493 1413 et
1516 1347 1561 1413 sie

492 1442 763 1511 adventantium
798 1446 996 1533 expectabat
1022 1447 1205 1513 adventum
1228 1446 1450 1517 barbarorum.
1497 1450 1561 1515 Ba
1574 1458 1730 1511 Thebarum

492 1567 606 1611 .rones
627 1547 773 1628 interim,
797 1548 979 1615 nescientes
1002 1549 1084 1635 quid
1106 1550 1148 1615 de
1171 1572 1247 1637 rega
1270 1553 1442 1633 evenisset,
1465 1526 1706 1646 igno-fflff

477 1654 685 1735 ..tantasque
716 1649 780 1715 sibi
812 1650 947 1737 laqueos
969 1652 1158 1740 praeparari,
1186 1652 1368 1720 Londoniis
1399 1654 1496 1742 nugis
1526 1661 1561 1721 et

490 1751 589 1817 .otiis
610 1750 829 1838 indulgentes,
851 1753 1029 1819 noluerunt
1051 1754 1159 1820 adhuc
1181 1755 1329 1822 recedere
1351 1757 1393 1823 de
1415 1758 1560 1837 civitate,

490 1853 614 1921 -doneo
634 1854 762 1944 plenius
784 1855 825 1921 de
858 1855 1026 1942 promissis
1059 1862 1095 1923 et
1125 1857 1166 1923 de
1188 1880 1273 1945 rege,
1297 1860 1338 1927 de
1361 1880 1426 1946 quo
1449 1860 1562 1928 multi·

489 1957 625 2023 ·formis
646 1958 843 2027 versabatur
865 1958 987 2047 opinio,
1008 1958 1278 2029 certificarentur.

517 2267 651 2335 Vocotto
666 2268 713 2335 ad
735 2267 925 2337 amicitiam
942 2268 1097 2353 praerato
1123 2268 1291 2336 Latroni
1314 2268 1558 2337 celebrandam.

332 2420 497 2501 kgr-went
554 2416 679 2483 Eodem
701 2438 789 2481 anno
812 2416 923 2483 vocati
954 2422 1034 2483 sunt
1056 2439 1077 2482 a
1098 2439 1185 2506 papa
1219 2417 1411 2487 Innocentio
1436 2418 1559 2501 Romae,
1573 2434 1680 2489 ueneni

357 2504 396 2539 ¹¹²
409 2494 468 2541 ³²²·
507 2518 550 2585 ad
591 2518 766 2585 concilium
807 2520 968 2607 generale,
1006 2520 1137 2607 praelati
1176 2520 1372 2587 universalis
1406 2522 1558 2602 ecelesiae,
1573 2503 1719 2623 fflgssed

507 2622 700 2710 patriarchae
737 2622 870 2702 scilieet,
903 2623 1147 2711 archiepiscopi,
1186 2624 1336 2712 episcopi,
1374 2626 1559 2713 primicerii,
1572 2638 1696 2691 arnone.

507 2725 738 2806 archidiaconi,
761 2725 879 2792 decani
907 2726 1147 2792 cathedralium
1171 2726 1390 2809 eeclesiarum,
1413 2728 1559 2809 abbates,

506 2829 640 2917 priores,
663 2828 842 2916 Templarii
874 2834 909 2894 et
943 2828 1172 2917 Hospitalarii,
1195 2836 1234 2895 ut
1268 2838 1494 2917 comparerent
1524 2833 1559 2897 in

506 2934 682 3020 praesentia
715 2933 841 2998 domini
871 2953 968 3020 papae
990 2932 1049 2998 in¹
1074 2932 1157 2997 urbe
1180 2934 1286 2999 Roma
1314 2932 1467 2999 kalendis
1489 2934 1560 2999 No·
1601 2938 1692 2995 lNov.

505 3033 660 3116 vembris,
682 3034 769 3103 sicut
791 3035 982 3102 eanonicam
1005 3034 1113 3101 vitare
1135 3035 1276 3123 cupiunt
1299 3036 1467 3103 ultionem.

653 3342 703 3410 De
724 3340 990 3429 angariantes
1010 3338 1225 3407 sumimur
1243 3360 1310 3425 pru
1331 3359 1412 3426 repe.

241 3508 250 3563 i
329 3508 494 3591 Repetens.
551 3499 615 3566 Per
652 3499 739 3565 idern
777 3510 909 3585 tempus
945 3500 1111 3563 steterunt
1150 3494 1265 3562 Romae
1308 3496 1344 3561 in
1382 3496 1710 3585 praesentiasaamem

356 3592 396 3630 ¹¹²
409 3582 468 3629 ³²²·
506 3602 634 3669 domini
655 3624 748 3689 papae
770 3600 885 3667 nuncii
916 3600 1004 3687 regis
1026 3598 1220 3686 Anglorum,
1244 3598 1426 3688 allegantes
1449 3621 1558 3667 coram
1570 3574 1655 3709 {Q

506 3728 545 3771 eo
566 3705 760 3772 rebelliones
782 3709 817 3770 et
838 3703 987 3789 injurias,
1011 3722 1095 3789 quas
1117 3702 1257 3768 barones
1280 3702 1413 3791 Angliae
1435 3704 1558 3769 excita-
1569 3709 1715 3775 arianen

505 3814 626 3874 verant
656 3808 817 3875 adversus
845 3827 957 3893 regem
986 3810 1216 3886 memoratum,
1239 3806 1411 3893 exigentes
1444 3807 1488 3873 ab
1518 3779 1680 3909 eomprpeto

505 3910 665 3999 quasdam
694 3912 783 3998 leges
816 3915 851 3975 et
883 3908 1055 3974 libertates
1086 3908 1228 3995 iniquas,
1252 3930 1333 3995 quas
1355 3908 1557 3995 dignitatem
1584 3920 1698 3967 rnorem

503 4015 628 4102 regiam
658 4035 728 4080 non
759 4012 872 4079 decuit
904 4010 1106 4078 confirmare.
1164 4010 1237 4077 Rex
1275 4010 1391 4096 itaque
1428 4012 1558 4098 publice

504 4125 705 4209 protestatus
742 4124 794 4186 est
831 4138 940 4185 coram
977 4118 1034 4195 eis,
1072 4138 1211 4205 regnum
1252 4118 1387 4206 Angliae
1424 4118 1554 4185 ratione

504 4222 642 4289 dominii
663 4222 709 4289 ad
740 4222 924 4288 Romanam
957 4220 1127 4287 ecelesiam
1150 4218 1338 4307 specialiter
1369 4220 1557 4307 pertinere;

505 4325 594 4392 unde
607 4348 669 4393 nec
682 4324 796 4412 potuit
817 4345 878 4389 nec
892 4323 1010 4389 debuit
1031 4328 1152 4409 praeter
1174 4320 1409 4389 conscientiam
1429 4324 1557 4389 domini
1692 4332 1694 4339 ⁴

504 4452 600 4517 papae
622 4429 663 4494 de
684 4449 773 4494 novo
795 4425 922 4513 aliquid
944 4430 1100 4493 statuere.
1146 4423 1352 4513 Interposita
1373 4424 1480 4512 igitur
1500 4448 1557 4513 ap-

483 4532 690 4620 pellatione,
713 4530 775 4596 sub
798 4528 1002 4619 protectione
1023 4534 1146 4594 eanmae
1168 4528 1281 4607 erucis,
1305 4550 1371 4616 qua
1394 4529 1481 4595 idem
1497 4552 1556 4595 rex

483 4636 664 4722 ,signatur
693 4632 780 4699 sedis
802 4652 932 4719 quoque
954 4629 1150 4718 apostolica,
1172 4652 1250 4709 sese,
1273 4652 1413 4719 regnum
1436 4631 1555 4698 suum²

506 4741 542 4802 et
558 4738 635 4823 jura
656 4735 803 4822 ejusdem
818 4733 912 4821 regni
927 4731 1132 4799 confidenter
1147 4734 1328 4819 supposuit.
1375 4733 1441 4800 Sed
1461 4734 1555 4800 baro-

541 5018 548 5047 ¹
562 5016 601 5081 ia]
619 5016 755 5081 Repeatad,
766 5016 811 5068 bnt
822 5015 971 5081 expaneret
1025 5013 1031 5083 Ι
1085 5012 1188 5079 lanam]
1207 5020 1324 5075 vestrim,
1336 5012 1392 5065 MS.

594 5125 671 5178 vol.
696 5125 733 5179 11.
1399 5122 1419 5172 L
