4242 6159
767 1099 816 1150 na
837 1097 997 1149 canrosa
1020 1097 1123 1148 ancre
1143 1096 1325 1150 consume.
1508 1083 1570 1148 191

520 1275 631 1342 fructu
654 1271 875 1362 persicorum¹
912 1278 946 1338 et
978 1273 1057 1337 novi
1088 1272 1241 1359 pomarii,
1267 1274 1356 1359 quod
1389 1274 1575 1362 vulgariter
1586 1283 1657 1339 An.
1670 1290 1742 1340 talo.

521 1380 624 1446 cicera
646 1377 842 1466 appellatur,
856 1375 956 1442 nimis
970 1376 1125 1464 repletus,
1148 1375 1298 1442 febrilem
1319 1378 1356 1443 in
1378 1400 1413 1445 ae
1435 1379 1574 1447 calorem

522 1481 614 1550 acuit
636 1480 768 1547 fortiter
790 1484 825 1547 et
847 1478 1006 1548 accendit.
1064 1478 1303 1546 Verumtamen
1334 1503 1462 1548 summo
1495 1483 1575 1550 inde
1588 1489 1693 1543 Thence
1703 1494 1737 1544 he

522 1585 674 1663 diluculo,
697 1585 776 1650 licet
800 1605 875 1650 cum
899 1583 1012 1649 labore
1026 1581 1191 1664 recedens,
1206 1605 1322 1649 versus
1347 1586 1519 1652 castellum
1534 1588 1575 1653 de
1587 1561 1743 1680 fflgffissp

500 1687 656 1754 -Leffcrd
677 1686 906 1774 hospitaturus
935 1687 1002 1752 iter
1031 1686 1182 1773 arripuit,
1208 1686 1284 1772 plus
1315 1687 1453 1753 ultionis
1475 1713 1575 1777 quam

499 1791 663 1857 .febrium
686 1790 850 1857 incendiis
881 1789 1129 1872 inflammatum
1159 1790 1217 1856 sed
1241 1812 1315 1856 cum
1347 1790 1478 1857 circiter
1509 1796 1576 1859 tria

501 1895 576 1962 ‚vel
602 1899 745 1980 quatuor
768 1892 912 1959 miliaria
935 1891 1126 1959 itinerando
1150 1892 1311 1960 anhelus⁹
1337 1898 1372 1958 et
1395 1897 1576 1983 gemebun-

500 1997 583 2063 .dus
618 1996 815 2075 confecisset,
853 1996 1050 2066 descendere
1087 1997 1201 2062 morbo
1238 1999 1488 2085 ingravescente
1523 2023 1574 2066 cc·
1587 2017 1682 2070 Hebe

500 2105 622 2180 ‚actus
659 2102 760 2188 jussit
790 2101 854 2166 sibi
889 2101 1047 2182 lecticam,
1085 2101 1123 2165 in
1154 2123 1220 2188 qua
1250 2101 1357 2168 lenius
1390 2103 1574 2186 veheretur,
1587 2101 1670 2204 {⁰22⁸}
1685 2157 1735 2206 and

502 2207 707 2293 ,praeparari
752 2203 800 2270 At
822 2203 883 2286 illi,
898 2204 1019 2290 quibus
1042 2205 1303 2293 constipabatur,
1325 2230 1393 2273 non
1415 2207 1575 2274 habentes
1588 2192 1711 2286 atemp-

502 2309 566 2374 .ad
598 2309 658 2374 hoc
696 2309 733 2373 in
765 2307 944 2395 promptu³
980 2308 1150 2388 artificem,
1181 2309 1234 2376 vel
1260 2311 1491 2391 instrumenta,
1522 2289 1728 2406 velprymppper

501 2412 702 2490 materiem,
737 2411 856 2498 gladiis
887 2413 1045 2478 extractis
1083 2417 1117 2478 et
1154 2413 1304 2494 cultellis,
1340 2437 1384 2480 ex
1422 2415 1699 2483 salicibusforhim·

502 2515 812 2582 ‚circumstantibus
834 2514 964 2601 qualem
987 2513 1141 2602 qualem⁴
1164 2516 1314 2582 lecticam
1339 2518 1388 2583 illi
1414 2541 1577 2607 praepara·

502 2624 610 2699 ,runt
635 2640 735 2706 quam
759 2625 793 2684 et
816 2639 858 2683 ex
877 2619 1080 2705 coopertorio
1103 2620 1179 2706 equi
1193 2618 1327 2686 beffiei⁵
1347 2627 1575 2704 contexerunt,

492 2753 510 2786 ·.
522 2721 731 2788 extendendo
761 2711 998 2810 incomposite⁰
1056 2722 1164 2802 Quam
1194 2744 1270 2788 cum
1299 2725 1508 2807 ascendisset,
1540 2733 1576 2792 et

495 2861 509 2885 ι.
523 2823 773 2916 pulvinaribus⁷
803 2829 838 2890 et
868 2825 1082 2890 lectisterniis
1106 2830 1141 2891 et
1168 2827 1269 2891 etiam
1296 2828 1457 2894 stramine
1484 2850 1577 2895 caru·

494 2965 510 2992 ·.
523 2931 611 3009 isset,
644 2929 786 2995 libratus
819 2933 870 2995 est
899 2934 933 2994 et
964 2927 1030 2994 huc
1052 2933 1087 2995 et
1108 2929 1188 2995 illuc
1217 2929 1409 2997 oscillatua⁸
1434 2939 1469 2998 et
1500 2954 1574 2999 con·

502 3033 653 3110 .fractus,
691 3032 837 3097 maxime
872 3053 948 3098 cum
986 3054 1088 3118 equos
1118 3055 1186 3097 non
1215 3033 1353 3099 haberet
1378 3036 1575 3102 veredarios.

503 3137 574 3202 .De
598 3135 691 3222 qua⁹
714 3136 826 3200 dolore
856 3134 1025 3200 mortifero
1046 3136 1119 3220 jam
1145 3135 1348 3212 subarratus,
1382 3139 1576 3202 descendere

496 3244 652 3305 --eoactus
679 3244 738 3319 eat,
766 3238 885 3316 dicens,
924 3244 941 3274 “
954 3237 1026 3303 Ista
1052 3239 1235 3319 malefacta,
1259 3239 1362 3304 immo
1392 3241 1575 3318 maledicta,

502 3343 636 3408 ‚lectica
659 3342 731 3428 jam
761 3341 871 3407 omnia
905 3363 977 3406 ossa
1016 3363 1090 3406 mea
1126 3343 1303 3428 dissipavit
1338 3347 1373 3406 ct
1405 3345 1577 3421 concussit,

498 3448 623 3512 ··immo
649 3447 722 3532 jam
735 3443 761 3484 ¹⁰
782 3445 851 3510 sere
872 3443 1066 3512 interfecit.”
1112 3446 1157 3511 Et
1172 3446 1325 3526 creditur,
1350 3448 1439 3532 quod
1461 3446 1497 3511 in
1519 3448 1577 3511 illa

497 3583 509 3611 ·.
522 3551 638 3616 lectica
671 3548 788 3615 mortis
818 3549 977 3613 molestiis
1007 3549 1295 3614 irremediabiliter
1328 3550 1577 3637 praeoccupabo

498 3650 612 3718 ·.tur.¹¹
660 3653 717 3717 Ira
738 3672 869 3738 quoque
891 3652 1037 3717 maxima
1063 3652 1310 3733 incendebatur,
1335 3676 1410 3740 quae
1432 3654 1577 3720 febribus

499 3891 505 3906 ·
555 3877 734 3944 'persicorum
754 3877 927 3942 perisicorum,
938 3875 995 3924 MS.
1045 3891 1048 3937 ι
1106 3883 1122 3906 ‘⁴
1131 3877 1207 3927 Nota.
1226 3877 1302 3927 Unde
1312 3877 1456 3941 pronostica
1468 3879 1575 3935 Gallica,

499 3995 505 4008 .
553 3956 689 4024 '³aubelrr]
709 3958 822 4018 hanelus,
834 3955 890 4006 MS.
1045 3963 1048 4057 Ι
1173 3957 1470 4024 ξΗθιιτί,1ἰρΙιιεΙ)ειιε,

553 4042 562 4068 ³
570 4037 698 4104 promptu]
718 4043 827 4101 promtu,
840 4035 896 4086 MS.
1046 4074 1047 4113 p
1171 4037 1262 4087 Murra
1272 4036 1288 4086 ie
1298 4036 1432 4095 Marceua3

556 4117 668 4182 ‘qualem
690 4116 796 4181 qualem]
816 4115 905 4179 Partly
922 4129 954 4162 on
972 4129 1025 4164 era-
1046 4116 1047 4129 ¹
1174 4116 1303 4181 §Ricard
1315 4117 1334 4165 li
1346 4115 1482 4175 Peitcvins,

522 4213 587 4258 sure,
599 4199 649 4248 und
660 4198 777 4262 repeated
787 4196 814 4244 in
827 4210 906 4259 marg.
1046 4186 1048 4251 l
1173 4195 1262 4244 Murra
1272 4211 1304 4244 cn
1316 4194 1447 4244 Limozins
1461 4216 1468 4253 ς

555 4280 564 4306 ⁵
576 4275 667 4342 bellici]
687 4277 725 4326 At
735 4277 790 4326 first
801 4275 903 4325 written
915 4272 976 4323 belli.
1046 4304 1048 4367 p
1173 4275 1353 4339 §.Iohamrcis
1365 4291 1426 4325 sanz
1437 4283 1496 4334 tere,

555 4354 743 4422 ⁰r'uroruporite]
768 4355 807 4404 At
825 4353 887 4412 first,
908 4355 1026 4419 incompo·
1173 4355 1262 4404 Murra
1273 4371 1304 4404 en
1315 4355 1388 4405 Bere.

525 4439 576 4486 rito.
1107 4433 1176 4499 §Ibi
1191 4435 1285 4484 dicitnr
1301 4435 1377 4485 fluisse
1393 4442 1513 4496 mortuus,
1532 4437 1575 4486 nbi

556 4513 760 4581 'puluinar-idua]
780 4513 836 4562 The
854 4513 903 4562 last
919 4513 1025 4579 syllable
1073 4520 1153 4563 morte
1164 4513 1409 4578 pravenieniebatnr
1422 4513 1497 4578 [read
1512 4530 1576 4579 pre·

522 4598 544 4646 is
556 4612 588 4646 on
600 4611 632 4644 an
642 4609 748 4644 erasure.
1073 4593 1235 4659 veniebatur]
1246 4593 1392 4652 causaliter;
1405 4594 1483 4644 ‘Sine
1492 4597 1575 4656 terra,'

556 4675 713 4741 ὀιοίΠαιιιε]
729 4674 855 4732 ocillatus,
868 4673 924 4724 MS.
1074 4673 1134 4736 qnia
1144 4672 1575 4740 moriturusniltenminpacepos-

556 4761 566 4786 ⁰
582 4755 626 4808 De
636 4755 700 4821 quc]
720 4755 762 4806 On
773 4769 806 4804 un
817 4767 925 4804 erasure.
1074 4750 1163 4806 sedisfl
1186 4753 1279 4802 Abora
1291 4752 1342 4802 thie
1349 4753 1463 4804 addition
1473 4755 1496 4804 ia
1506 4755 1576 4806 writ-

557 4841 576 4870 ¹⁰
581 4836 650 4904 jam]
670 4835 711 4887 On
723 4851 756 4886 an
768 4849 874 4886 erasure.
1073 4840 1115 4882 ten
1126 4832 1161 4895 by
1172 4830 1295 4882 Matthew
1302 4831 1376 4881 Paria
1384 4831 1413 4881 in
1423 4834 1469 4883 red
1479 4833 1575 4894 lettera,

557 4919 572 4948 ¹¹
583 4914 817 4982 proeoeeupatarur]
858 4915 1026 4978 preocupaba·
1074 4915 1091 4942 “
1105 4910 1524 4977 Cure,qar'coffeudicu1um‚”and
1542 4916 1577 4980 by

524 4997 637 5055 turbis.
671 4995 702 5045 In
714 4995 757 5044 the
767 4994 867 5058 margin
879 4993 992 5058 opposite
1004 4994 1026 5044 is
1074 4991 1118 5041 the
1150 4991 1212 5052 side,
1248 4991 1292 5040 the
1324 4993 1453 5059 monitory
1486 4994 1577 5057 phrase

525 5078 567 5129 the
579 5075 815 5142 sollovlugcurions
827 5073 941 5125 addition
952 5095 994 5125 :—
1076 5075 1091 5100 “
1105 5069 1188 5123 Vacat
1196 5072 1212 5100 ”
1223 5071 1346 5136 repeated.
