4242 6159
604 1018 647 1082 64
731 1027 898 1080 usrrnm
919 1026 1135 1080 remansere
1156 1025 1320 1079 nrsronm
1341 1025 1542 1080 cuononem

436 1298 505 1352 an.
519 1304 590 1355 1197.
609 1290 653 1358 Ut
666 1312 725 1358 ree
739 1291 987 1360 Frwaooruot
970 1315 1016 1360 eo
1029 1299 1123 1361 arcto
1133 1291 1270 1380 posteros
1277 1290 1457 1380 scrattiae
1471 1288 1653 1357 mndata„

439 1446 555 1516 siegeor
621 1445 780 1520 ,Interes
801 1469 908 1516 comes
930 1447 1097 1514 Flandriae
1127 1447 1298 1514 castellum
1318 1446 1360 1513 de
1385 1446 1492 1512 Antan
1515 1443 1646 1511 obsedit
1646 1447 1836 1568 ,BogWend

436 1517 568 1636 ffi⁹ffl⁶
602 1571 668 1637 quo
688 1551 811 1632 andito,
835 1573 896 1617 rex
922 1549 1126 1618 Francorum
1149 1573 1223 1616 cum
1246 1566 1368 1637 magno
1390 1549 1537 1615 exercitu
1559 1515 1714 1613 venit¹

436 1650 519 1701 ΠΜ
602 1650 747 1719 Atrabat
732 1658 805 1719 tum
838 1657 1058 1740 properanter.
1106 1651 1223 1719 Comes
1251 1656 1374 1730 autem,
1403 1649 1574 1717 obsidione
1603 1671 1653 1714 re-

436 1716 552 1834 mos
602 1754 690 1834 licta,
711 1754 829 1822 abiit
818 1778 855 1820 m
874 1761 998 1821 terram
1017 1775 1121 1832 suem,
1135 1753 1330 1841 insequente
1351 1775 1429 1842 rege
1444 1753 1653 1820 Francorum.

437 1849 567 1905 sunam
604 1856 690 1923 Cum
714 1863 825 1924 autem
853 1879 912 1923 rex
944 1856 1078 1944 longius
1107 1855 1316 1944 processisset
1346 1856 1435 1922 inter
1460 1855 1596 1944 paludes
1619 1862 1654 1920 et

601 1979 745 2026 recessus
778 1959 888 2040 maris,
920 1980 1028 2025 comes
1061 1958 1199 2046 infregit
1231 1964 1349 2046 pontes
1375 1963 1410 2025 et
1439 1957 1653 2046 aquaeductus

603 2061 683 2128 fecit
712 2061 848 2150 aperire,
880 2061 931 2127 ita
962 2061 1097 2148 quidem
1135 2061 1222 2148 quod
1256 2083 1316 2126 rex
1347 2082 1452 2148 neque
1482 2059 1654 2147 procedere

603 2162 711 2230 valuit
733 2186 793 2231 nec
814 2163 931 2241 redire,
953 2186 1014 2230 nec
1039 2164 1083 2229 ad
1105 2163 1245 2230 cundem
1268 2168 1424 2251 poterant
1444 2162 1564 2229 deferri
1586 2161 1654 2227 vic·

438 2269 570 2338 manag
602 2267 718 2333 tuella
775 2267 866 2334 Tunc
895 2289 955 2333 rex
984 2267 1085 2333 nimis
1117 2266 1155 2331 in
1183 2271 1274 2332 arcto
1308 2267 1518 2345 constitutus,
1540 2264 1653 2330 comiti

435 2337 773 2468 0,ξΐωῖικιωιιιιιιιιιιιθι
792 2369 1002 2457 significavit,
1025 2369 1115 2456 quod
1137 2391 1176 2435 ec
1197 2367 1382 2436 intentione
1405 2367 1485 2434 illuc
1506 2372 1652 2446 venerat,

436 2477 592 2589 wacaptm
604 2479 643 2537 ut
667 2494 742 2537 cum
765 2493 804 2538 eo
833 2471 888 2538 vel
911 2469 1130 2538 amicabiliter
1151 2479 1369 2559 componeret,
1392 2472 1447 2536 vel
1478 2469 1610 2537 demum
1633 2491 1654 2534 e

436 2604 480 2653 th„
466 2619 536 2654 eum
536 2613 572 2656 „g
526 2537 765 2639 fromfidelitate
785 2573 872 2660 regis
887 2574 1072 2690 Anglorum
1093 2578 1270 2639 revocaret.
1314 2571 1530 2639 Nunciavit
1520 2593 1655 2658 insuper

603 2675 642 2755 ei,
659 2677 748 2763 quod
769 2675 868 2762 ligius
885 2675 1032 2742 homo
1003 2697 1075 2762 eJus
1090 2681 1170 2757 erat,
1193 2680 1229 2742 et
1246 2697 1334 2741 unus
1356 2675 1396 2742 de
1418 2675 1476 2754 ιιι,
1499 2674 1653 2762 paribus;
1667 2715 1675 2731 ·

603 2779 691 2844 unde
720 2800 781 2845 nec
809 2778 927 2845 debuit
955 2801 1016 2846 nec
1047 2778 1160 2845 decuit
1190 2778 1285 2844 illum
1316 2799 1468 2845 coronam
1505 2777 1654 2843 Franciae

602 2903 706 2968 usque
728 2882 772 2947 ad
801 2881 1024 2948 confusionem
1053 2881 1256 2969 impugnare
1303 2879 1443 2948 Comitis
1471 2879 1575 2967 igitur
1599 2901 1674 2946 eor·

603 2982 674 3050 est¹
698 2984 741 3051 ad
764 2983 1021 3050 misericordiam
1042 2982 1250 3064 inclinatum,
1273 2983 1331 3049 sed
1351 2987 1462 3048 tamen
1477 2987 1674 3068 antequem·

603 3108 710 3153 comes
746 3088 776 3154 ei
814 3087 981 3154 licentiam
1018 3087 1209 3153 concederet
1241 3084 1392 3166 abeundi,
1419 3084 1551 3172 jnrevit
1587 3105 1656 3165 rex,

603 3190 692 3276 quod
714 3194 783 3256 tem
806 3189 872 3278 ipsi
898 3189 1012 3255 comiti
1032 3210 1132 3276 quam
1155 3187 1225 3276 regi
1240 3187 1425 3274 Anglorum
1447 3186 1558 3254 omnia
1580 3209 1655 3274 quae

603 3314 662 3379 per
682 3313 835 3379 guerram
864 3295 1081 3379 occupaverat
1104 3290 1246 3368 castella,
1270 3289 1398 3376 alioque
1415 3287 1494 3375 jura
1516 3310 1584 3368 sue,
1608 3290 1655 3355 cis

604 3395 674 3459 sine
696 3392 836 3479 alicujus
858 3391 1130 3458 contradictionis
1153 3389 1321 3456 obstaculo
1345 3390 1400 3456 vel
1429 3391 1541 3477 aliqua
1569 3390 1674 3456 ciffi--

437 3513 534 3565 Meecn
517 3531 553 3580 ng
605 3497 729 3561 cultate
742 3495 797 3561 vel
812 3517 913 3560 morae
927 3493 1099 3581 dispendio
1114 3499 1182 3560 rest
1167 3494 1310 3560 titneret.
1355 3493 1411 3558 Ad
1424 3492 1523 3579 hujus
1542 3498 1675 3560 antem.

436 3581 570 3645 ΨΜ
604 3598 694 3685 pacti
715 3597 943 3663 executionem
966 3596 1089 3664 statuit
1111 3597 1207 3674 diem,
1231 3601 1271 3662 ut
1293 3596 1392 3662 tam
1382 3617 1452 3683 rpse
1474 3618 1571 3684 quam
1594 3619 1653 3662 rex

437 3714 581 3779 Philiprud
604 3700 790 3788 Anglorum
805 3699 961 3765 venirent
979 3699 1023 3765 ad
1042 3699 1241 3786 colloquium
1257 3698 1345 3765 inter
1366 3697 1513 3764 Wailum
1528 3704 1563 3764 et
1582 3700 1654 3764 An-
1665 3701 1829 3784 afflare

437 3780 558 3832 mm
604 3800 1063 3890 deliecum,⁹lerie'”n1i⁸.post
1079 3801 1330 3868 Exaltetionem
1345 3799 1515 3889 [sanctae]³
1531 3801 1652 3868 Crucis
1694 3773 1733 3824 ¹¹¹
1748 3779 1808 3828 ¹²⁸

462 3861 704 3970 14801Ἐι
677 3927 724 3971 s1c
745 3904 907 3970 liberatus
932 3927 953 3969 a
974 3904 1126 3992 captione
1151 3903 1288 3982 comitis,
1311 3925 1370 3970 rex
1391 3903 1488 3970 laetus
1514 3903 1557 3969 ad
1578 3927 1653 3991 pro-

603 4007 677 4095 pria
688 4006 856 4074 remeavit
892 4007 1057 4074 Reversus
1072 4011 1183 4073 autem
1192 4005 1337 4072 Perisius
1352 4006 1523 4072 consilinm
1536 4005 1655 4074 habuit

603 4133 625 4175 a
646 4111 723 4190 suis,
740 4116 779 4177 ut
800 4133 822 4176 a
842 4115 940 4198 pacto
956 4111 1116 4192 resiliret;
1138 4132 1206 4176 non
1228 4109 1316 4174 enim
1331 4108 1375 4174 ad
1390 4108 1653 4175 observationem

598 4213 791 4299 juramenti,
823 4218 863 4279 ut
898 4212 1065 4291 dixerunt,
1097 4212 1186 4299 quod
1218 4211 1254 4276 in
1286 4210 1347 4276 tali
1377 4209 1518 4276 articulo
1551 4216 1585 4276 et
1616 4211 1674 4276 in.

602 4315 787 4393 formidine,
811 4335 886 4401 quae
912 4314 949 4380 in
973 4319 1181 4381 constantem
1203 4314 1317 4380 cadere
1339 4317 1478 4400 poterat,
1501 4318 1537 4380 et
1559 4313 1676 4400 quasi.

603 4424 736 4484 coactus
758 4418 881 4484 fecerat
904 4423 940 4484 et
961 4417 1098 4497 invitus,
1122 4416 1299 4484 tenebatur
1321 4415 1492 4503 obligatus.

638 4697 707 4765 ἀι]
725 4698 872 4750 Interlincd.
1185 4697 1309 4765 ἰαιιοισι]
1324 4695 1444 4764 Suppliec
1453 4697 1517 4748 stom
1527 4697 1571 4750 W.
1580 4697 1610 4748 B.
1622 4695 1651 4750 O.

636 4777 834 4845 ’Andellorurfl
855 4777 1014 4840 Aristaeum,
1026 4777 1084 4829 MS.
