4242 6159
655 1028 704 1079 ns
725 1026 883 1080 ιιιιιοιιιι
904 1028 1005 1081 nuos
1026 1026 1181 1094 nermo,
1204 1026 1270 1080 vra.
1293 1026 1417 1081 ιιιιιι.
1492 1016 1557 1087 379

510 1202 683 1269 literarum
705 1210 740 1271 ot
761 1225 830 1273 suso
852 1206 1086 1293 postulationis
1108 1223 1302 1294 responsum
1324 1206 1389 1273 sibi
1414 1205 1497 1285 dari,
1518 1210 1726 1271 staurano.

510 1306 597 1393 regis
611 1308 820 1374 voluntatem
835 1309 969 1375 domino
984 1331 1043 1375 suo
1056 1308 1249 1397 imperatori
1262 1314 1396 1396 possent
1410 1307 1560 1377 celeriter

487 1410 677 1489 ,nunciare
724 1411 798 1477 Rex
818 1417 939 1491 autem,
961 1412 1048 1478 inito
1070 1412 1215 1491 oonsilio,
1237 1411 1407 1499 possidete
1430 1411 1560 1478 nunciis

489 1514 676 1596 ‚concessit
721 1514 770 1581 At
791 1516 904 1582 nundi
934 1515 1146 1604 postularunt
1167 1504 1311 1603 puellam
1333 1514 1560 1603 conspectibus

465 1616 579 1697 suls
599 1619 801 1705 praesentari.
846 1618 943 1700 Quod
965 1640 1041 1686 cum
1055 1618 1180 1686 factum
1201 1618 1324 1697 fubset,
1347 1618 1473 1707 placuit
1493 1618 1561 1685 illis

365 1727 391 1761 v.
454 1681 699 1839 ·:pplcritudo
727 1722 893 1810 puellaris
940 1722 1232 1791 confirmaverunt
1263 1722 1369 1811 igitur
1390 1722 1560 1789 matrimo-

511 1822 604 1889 nium
637 1825 674 1891 in
706 1826 853 1891 animam
886 1826 1105 1915 imperatoris,
1137 1826 1334 1915 interposito
1360 1826 1558 1913 juramento,

510 1928 682 1995 offerentes
714 1930 746 1996 ei
777 1952 820 1996 ex
843 1935 938 2017 perte
965 1930 1175 2018 imperatoris
1206 1930 1344 1997 anulum
1366 1928 1558 2018 sponsalem.

510 2028 616 2111 Quem
638 2053 714 2099 cum
735 2032 773 2099 in
802 2032 873 2120 ejus
903 2033 1009 2121 digito
1038 2031 1233 2121 posuissent,
1256 2033 1558 2121 pronunciaveumt

508 2156 580 2201 eam
601 2136 844 2225 imperatricem
858 2158 927 2203 esse
950 2136 1093 2203 Romani
1114 2136 1253 2225 imperii,
1269 2136 1416 2205 dicentes
1437 2134 1556 2225 palam,

507 2243 526 2273 “
540 2236 644 2305 Vivat
664 2240 868 2327 imperatrix,
882 2240 980 2308 vivat
992 2245 999 2305 l
1009 2239 1028 2265 ”
1073 2239 1203 2307 Deinde
1217 2262 1292 2307 cum
1313 2239 1417 2329 legati
1432 2262 1471 2307 ea
1484 2260 1559 2327 qum

507 2340 595 2407 facta
624 2340 758 2409 fuerant
790 2342 985 2431 imperatori
1017 2343 1238 2425 nunciassent,
1261 2348 1337 2432 post
1367 2342 1560 2411 Pascbalem

509 2443 787 2533 sollempnitatem
818 2446 911 2513 misit
942 2446 1033 2513 idem
1066 2446 1247 2535 imperator
1279 2444 1559 2535 archiepiscopum

510 2545 740 2615 Coloniensem
773 2553 809 2615 et
849 2548 1010 2617 Louaniae
1048 2548 1167 2617 ducem
1205 2570 1280 2617 cum
1317 2548 1392 2616 aliia
1428 2548 1559 2616 nunciis

510 2650 735 2741 solempnibus
756 2652 795 2719 in
816 2652 985 2740 angliam,
1015 2654 1075 2740 qui
1105 2652 1348 2741 imperatricem
1375 2652 1419 2719 ad
1449 2654 1559 2741 ipsum

509 2753 688 2822 honorifice
710 2754 948 2844 perducerent,¹
966 2754 1217 2823 matrimonium
1234 2756 1307 2843 jam
1328 2755 1502 2823 initiatum
1525 2760 1559 2823 et

508 2864 620 2925 ratum
634 2865 857 2948 procurarent,
872 2865 913 2927 ut
932 2860 970 2927 in
992 2858 1205 2948 cognitionei
1227 2860 1351 2927 carnali
1373 2861 1467 2927 fieret
1482 2880 1558 2927 con·

332 2987 493 3061 1303,me
509 2968 716 3031 summotum
772 2962 943 3031 Remandt
975 2963 1081 3050 igitur
1113 2962 1308 3051 imperatrix
1340 2959 1378 3029 in
1409 2963 1559 3031 custodie

363 3063 468 3117 iv·³³⁴·
509 3066 652 3156 episcopi
683 3067 881 3134 Exoniensis
911 3070 947 3133 et
984 3064 1120 3133 Radulfi
1156 3064 1398 3146 filii-Nieholai‚
1431 3066 1558 3133 domini

486 3170 592 3258 ,regis
614 3170 787 3237 senescalli
819 3168 1018 3237 Detulerunt
1032 3174 1146 3237 autem
1159 3170 1296 3237 xenium
1317 3170 1558 3237 nobilissimum

485 3271 542 3349 ,in
564 3273 736 3354 olosericis,
758 3295 839 3341 auro
861 3278 897 3340 et
926 3273 1075 3362 gemmis,
1097 3278 1139 3341 ut
1160 3272 1272 3339 decuit
1292 3272 1433 3340 nuncios
1454 3272 1559 3361 impe-

505 3375 625 3445 riales'
669 3378 725 3460 Et,
746 3376 841 3454 hiis'
832 3399 869 3444 m
892 3377 979 3444 hunc
1004 3376 1140 3444 modum
1163 3372 1337 3466 dispositis,
1363 3396 1425 3443 rex
1445 3374 1482 3442 in
1503 3376 1714 3447 dormtum

505 3479 612 3547 macti
632 3480 798 3548 lobannis
830 3486 909 3548 ante
941 3480 1078 3548 Portam
1101 3478 1175 3547 Lat'
1150 3485 1258 3547 tmam
1279 3478 1369 3569 apud
1391 3478 1556 3547 Westmo·
1567 3460 1692 3579 m·

503 3583 686 3651 murium
707 3585 819 3652 tenuit
847 3584 1027 3673 sollempne
1055 3582 1187 3663 festum,
1209 3602 1285 3650 cum
1314 3582 1556 3673 archiepiscopo
1596 3612 1611 3660 c
1623 3604 1695 3675 May

505 3684 693 3754 Coloniensi
715 3694 750 3754 et
770 3686 888 3755 ceteris
909 3684 1041 3753 nunciis
1063 3686 1301 3775 imperialibus
1348 3684 1427 3752 Et
1416 3708 1454 3752 m
1469 3708 1556 3753 crsa-

483 3790 576 3866 ,tino
591 3812 704 3858 omnes
717 3790 807 3880 opud
829 3790 1025 3859 Derteforde
1038 3789 1105 3858 iter
1119 3788 1293 3877 arripiunt,
1315 3810 1430 3857 versus
1443 3795 1554 3879 partes

459 3892 678 3969 „orientales
709 3894 898 3982 profecturi.
955 3892 1158 4013 Ιιιιριιιιιιιι
1188 3898 1302 3959 autem
1331 3900 1366 3960 et
1395 3890 1553 3981 archiepl-
1565 3898 1710 3967 Taampe-

449 4018 618 4085 ·scopus
633 3995 845 4077 coloniensis,
859 4018 934 4064 cum
949 3996 1065 4063 ceteris
1086 3996 1169 4063 viris
1190 3995 1358 4063 nobilibus
1373 4000 1408 4063 ot
1429 4002 1551 4063 matro-
1563 3967 1725 4100 {ffi'ffi

503 4100 555 4165 nis
577 4099 621 4166 ad
642 4101 840 4169 conductum
864 4096 935 4188 ejus
961 4099 1146 4187 assignatis,
1171 4112 1217 4167 ιθ.
1243 4094 1319 4165 idus
1343 4095 1425 4165 Maii
1450 4122 1590 4220 nirvesto
1563 4102 1625 4153 With
1635 4103 1719 4155 luber

503 4202 651 4292 ingressi,
672 4204 755 4271 velis
783 4204 978 4292 patentibus
1000 4224 1070 4269 sese
1099 4201 1216 4291 pelago
1247 4202 1490 4285 commiserunt,
1517 4170 1701 4291 Oloonunont

502 4324 653 4395 prospere
675 4308 885 4393 nauigantes,
900 4306 989 4395 apud
1005 4304 1177 4373 Enevcrs⁴
1200 4301 1292 4372 selvo
1314 4304 1552 4395 applicuerunt.
1586 4335 1615 4383 11
1628 4332 1697 4399 May

503 4410 631 4492 Quibus
664 4411 806 4477 occurrit
842 4408 1018 4476 innumera
1046 4414 1249 4479 armatorum
1291 4410 1377 4477 mult
1362 4407 1484 4495 titudo,
1513 4416 1553 4479 ut

253 3226 273 3291 ,⁵

535 4664 543 4697 ¹
558 4661 732 4735 perducerent]
753 4663 787 4717 Iu
805 4662 848 4717 W.
863 4662 913 4717 ond
923 4662 955 4717 B.
967 4664 1006 4733 0.,
1086 4660 1449 4736 ’Βιιιισαιιι..ιιιριιιαιιι]
1461 4668 1555 4721 Aaou

501 4745 667 4813 perducentes,
678 4746 762 4796 which
773 4746 895 4797 isbetler.
923 4744 1007 4797 There
1052 4744 1081 4797 in
1092 4760 1172 4812 marg.

500 4827 575 4883 isan
597 4838 696 4878 amare
712 4823 792 4879 ebore
813 4825 865 4878 ruis
881 4826 968 4889 sord,
979 4842 1007 4877 ιιι
1087 4827 1097 4857 ⁴
1112 4822 1239 4893 Eucvers]
1258 4824 1383 4892 Anasta,
1395 4824 1456 4885 ΒΩ.
1472 4824 1555 4897 [ans

502 4905 794 4959 uermdbeenaudea
1053 4906 1145 4973 werp}

536 4988 547 5020 ²
562 4988 709 5055 copuitiooe]
729 4986 905 5053 congnicione,
916 4983 973 5039 MS.
