4242 6159
592 1052 658 1115 412
718 1064 886 1115 narrem
908 1063 1123 1116 ranismnsrs
1146 1064 1308 1115 nrsroam
1331 1064 1536 1116 arenosam

422 1250 491 1302 nl).
506 1255 578 1303 lese.
590 1262 660 1305 rem
683 1244 718 1305 et
739 1241 945 1326 profectum¹
979 1242 1152 1307 ambarum
1183 1243 1328 1329 partium
1359 1246 1497 1329 paterna
1527 1241 1646 1307 sollici-

590 1343 708 1408 tudine
744 1365 856 1429 pacem
890 1345 1038 1431 providit
1075 1351 1110 1411 et
1146 1347 1344 1431 procuravit.
1402 1344 1509 1424 Quam
1544 1346 1646 1409 etiam

590 1444 787 1510 auctoritate
809 1446 920 1533 papali
942 1470 977 1513 se
999 1447 1179 1535 spopondit
1201 1448 1459 1535 praesentialiter
1473 1448 1647 1513 confirma-

591 1553 713 1626 turum,
736 1570 796 1614 nec
818 1550 884 1615 iter
905 1549 972 1615 ad²
995 1556 1131 1616 tentum
1153 1550 1299 1617 laborem
1321 1551 1495 1617 recusavit.

591 1846 672 1913 Noa
686 1853 880 1933 acceptatur
895 1844 1007 1911 electio
1014 1844 1114 1931 facta
1128 1844 1171 1911 r'aa
1187 1847 1382 1933 episcopam
1399 1844 1644 1924 Oicestrerraem,

857 1947 1087 2035 Radalptecm
1110 1948 1362 2015 cancellarium

421 2106 478 2155 The
491 2108 582 2186 nones
640 2094 793 2162 Monachi
827 2098 939 2161 antem
964 2096 1210 2162 wintonienses
1239 2096 1311 2183 ipso
1341 2102 1487 2183 tempore
1516 2095 1580 2161 sibi
1609 2095 1647 2159 in

421 2173 532 2291 ἓξὲξ
593 2206 759 2284 pastorem
794 2200 979 2264 animarum
1018 2220 1152 2265 suarum
1192 2197 1387 2287 elegerunt³
1423 2197 1644 2284 Radulphum,
1664 2214 1708 2267 fol.
1723 2219 1770 2268 128
1783 2232 1824 2268 a·
1882 2194 1891 2205 ”

421 2306 485 2356 elect
494 2307 538 2357 the
594 2301 781 2388 episcopum
806 2302 1048 2382 Gicestrensem‚
1074 2301 1200 2369 domini
1223 2302 1310 2389 regis
1332 2301 1568 2379 cancellarium,
1596 2300 1646 2365 vi-

420 2374 565 2504 {bgffioe
593 2425 667 2468 rum
690 2402 821 2469 fidelem
843 2404 914 2490 regi
936 2414 971 2469 et
994 2426 1105 2491 regno,
1136 2403 1334 2490 indigenam,
1357 2408 1391 2469 et
1415 2404 1504 2468 omni
1527 2424 1645 2491 genere

418 2505 518 2571 biahop.
591 2506 754 2592 superbies
777 2511 951 2587 carentem,
974 2528 1071 2593 quem
1094 2506 1279 2595 sperabant,
1301 2512 1436 2595 propter
1456 2508 1552 2573 fidele
1575 2506 1645 2593 ejus

420 2620 551 2699 angerus
592 2608 774 2689 servitium,
808 2609 942 2674 domino
980 2610 1051 2697 regi
1088 2631 1157 2675 esse
1192 2610 1460 2697 acceptissimum.
1518 2608 1644 2675 Videas

420 2686 543 2753 chenng.
593 2711 696 2796 igitur
725 2733 785 2776 rex
814 2713 1020 2799 propositum
1050 2734 1147 2777 suum
1181 2713 1314 2779 irritum
1336 2712 1445 2789 fuisse,
1470 2717 1505 2778 et
1532 2734 1642 2800 preces

590 2836 665 2879 suas
695 2814 815 2879 effectu
845 2816 993 2892 caruisse,
1026 2814 1067 2880 de
1100 2814 1204 2880 electo
1240 2816 1365 2881 scilicet
1399 2814 1577 2881 Valentino
1607 2814 1643 2879 in

587 2918 812 3004 episcopatum
844 2916 1109 2983 wintoniensem
1146 2918 1417 3004 promovendum,
1454 2918 1558 2983 iratus
1592 2921 1643 2983 est

588 3020 807 3098 vehementer,
832 3028 902 3085 non
924 3024 1060 3085 tantum
1090 3026 1207 3086 contra
1236 3021 1420 3098 monachos,
1455 3020 1511 3085 sed
1542 3019 1642 3085 etiam

590 3128 704 3187 contra
737 3123 924 3210 episcopum
952 3122 1197 3201 Oicestrensem,
1231 3121 1383 3188 electioni
1408 3123 1479 3208 jam
1510 3144 1642 3188 eonsen-

419 3232 543 3283 Hetakes
591 3226 736 3291 tientem.
796 3226 843 3291 Et
876 3224 1015 3290 abstulit
1045 3224 1088 3289 ab
1124 3246 1162 3291 eo
1191 3226 1345 3313 sigillum,
1377 3231 1411 3291 et
1440 3224 1524 3290 illud
1554 3246 1642 3289 nunc

419 3300 555 3417 3:5ssss
591 3328 739 3393 marino
762 3327 955 3413 campano,
978 3349 1068 3392 nune
1086 3327 1294 3393 conannas
1315 3327 1509 3406 maniosa,
1531 3326 1642 3408 marti,

419 3432 551 3485 thechm·
588 3430 751 3495 commisit
780 3429 1020 3515 bajulandum
1055 3434 1247 3496 remanente
1276 3436 1389 3495 tamen
1419 3429 1640 3495 emolumento

419 3499 507 3550 “¹¹⁰²
587 3532 688 3620 sigilli
711 3532 861 3619 episcopo
885 3531 1081 3599 Oicestrensi
1106 3531 1318 3623 R[adulph0]
1346 3531 1629 3600 semicanoellario.

651 3822 702 3888 Dc
728 3821 876 3909 quodam
892 3820 1098 3908 sacrhaoroao,
1123 3822 1249 3889 colente
1274 3844 1383 3911 regem
1401 3822 1572 3910 jugulare.

418 4004 534 4067 mmm
543 4008 572 4053 to
634 3974 824 4062 Eodemque
853 3980 1002 4063 tempore
1038 3975 1159 4041 accidit
1196 3974 1266 4064 regi
1303 3976 1493 4063 periculum,
1526 3998 1639 4043 omnes

418 4070 567 4149 maginare
589 4079 761 4144 audientes
790 4078 890 4142 nimis
918 4077 1060 4143 reddens
1084 4077 1254 4145 attonitos.
1310 4078 1352 4143 In
1378 4080 1520 4145 crastino
1550 4079 1639 4146 enim

416 4138 572 4253 iiiiii&
590 4180 623 4244 N
626 4180 792 4246 ativitatis
827 4180 935 4245 beatae
972 4180 1086 4246 Mariae
1121 4180 1216 4247 venit
1254 4179 1389 4266 quidam
1423 4180 1566 4268 armiger
1595 4182 1638 4247 ad

415 4270 558 4323 framea
589 4284 713 4349 curiam
742 4283 829 4369 regis
858 4282 948 4370 apud
982 4282 1170 4363 Wudestoc,
1202 4304 1236 4348 se
1269 4283 1397 4370 fingens
1426 4283 1638 4350 infatuatum.

418 4362 513 4427 ⁹⁸⁰⁹*
587 4385 695 4451 Nocte
724 4391 836 4451 autem
866 4384 1038 4473 profunda,
1069 4386 1276 4452 considerata
1304 4408 1373 4451 una
1397 4386 1541 4453 fenestra
1569 4409 1636 4452 non

585 4494 666 4554 tunc
692 4489 803 4555 clausa
824 4509 931 4574 neque
959 4486 1045 4553 ferro
1075 4488 1276 4575 repagulata
1301 4488 1449 4554 ascendit
1479 4489 1572 4569 clam,
1603 4494 1637 4555 et

584 4593 693 4658 ferens
727 4590 908 4672 cultellum,
943 4612 1008 4676 quo
1044 4612 1156 4678 regem
1191 4591 1397 4673 evisceraret,
1429 4591 1572 4657 intravit
1601 4595 1636 4657 et

619 4918 791 4985 ¹prosectaa]
806 4919 1008 4969 Onanerasure
1166 4919 1176 4947 ¹
1202 4914 1335 4982 elegerant]
1361 4916 1502 4969 overran
1524 4919 1635 4969 wordls

619 5001 629 5030 ¹
647 5001 693 5050 iter
703 4996 751 5064 ad]
765 4998 805 5050 On
816 5011 968 5048 enemente.
1133 4994 1232 5047 written
1244 4995 1281 5046 vel
1287 4994 1450 5061 postularunt.
