4242 6159
558 1043 623 1108 230
683 1055 847 1108 narrum
870 1056 1083 1108 rumsmssrs
1105 1056 1269 1109 msronra
1291 1055 1490 1108 suanorum

390 1229 630 1296 n.n.121s.dioo
655 1229 784 1298 oomes¹
818 1235 941 1320 postea,
975 1231 1196 1299 imminente²
1222 1231 1486 1300 Christianorum
1518 1231 1605 1320 peri·

557 1333 638 1414 eulo,
669 1335 811 1423 turpiter
842 1336 981 1403 reusssit
1042 1333 1145 1404 Venit
1176 1341 1213 1402 st
1246 1341 1329 1403 tuno
1360 1335 1518 1424 temporis
1551 1335 1605 1400 vir

555 1437 695 1505 illustris
725 1444 760 1506 st
789 1439 932 1506 nobilis³
965 1459 1072 1506 comes
1106 1439 1288 1506 cestrensis
1324 1437 1531 1528 Ranulphus,
1564 1437 1606 1503 de

556 1562 656 1629 regno
678 1541 872 1630 Anglorum,
892 1565 967 1610 oum
990 1543 1164 1610 comitibus
1191 1541 1292 1610 Suero
1315 1541 1546 1621 wintoniensi,
1569 1545 1605 1606 et

557 1643 719 1710 Willslmo
750 1645 1018 1726 Harundslensi,⁴
1050 1653 1085 1713 et
1115 1645 1295 1713 baronibus
1324 1645 1512 1712 illustribus
1538 1644 1622 1710 Ro·-

555 1746 649 1814 berto
693 1746 926 1830 filio-walteri,
973 1749 1136 1830 Johenne,
1175 1749 1419 1817 constabulario
1457 1748 1602 1826 Cestriae,

555 1849 719 1917 Willelmo
742 1852 783 1917 de
806 1853 979 1934 Hareeurt,
1004 1852 1148 1933 Olivero,
1169 1854 1239 1920 filio
1260 1855 1349 1941 regis
1364 1853 1505 1941 Anghae,
1529 1875 1603 1918 oum

555 1973 665 2019 eorum
698 1955 830 2042 sequela
866 1955 980 2022 multa
1045 1956 1218 2023 Venerunt
1256 1957 1356 2023 etiam
1394 1957 1530 2022 comites
1563 1957 1604 2021 de

556 2057 711 2140 Marohia‚
743 2059 784 2124 de
818 2058 923 2138 Burri,
957 2057 1144 2126 Willelmus
1178 2061 1219 2126 de
1248 2059 1401 2137 Oarnoto,
1426 2058 1534 2124 Iterus
1564 2059 1605 2124 de

555 2159 665 2242 Tunes,
698 2171 732 2226 et
762 2162 914 2228 Herveus
947 2163 989 2228 de
1022 2161 1164 2240 Ursone,
1195 2168 1230 2229 et
1261 2164 1362 2228 multi
1388 2163 1447 2227 alii
1468 2161 1604 2239 nobiles,

555 2285 694 2348 quorum
725 2265 860 2331 nomina
891 2266 1088 2352 ignoramus,
1121 2266 1207 2332 siout
1238 2287 1298 2332 nec
1328 2265 1484 2332 notitiam
1506 2263 1623 2330 habe--

555 2389 636 2433 mus

634 2640 684 2710 De
710 2642 864 2731 quodum
887 2643 1158 2732 incomparabili
1184 2651 1372 2732 tempestate
1395 2651 1426 2712 et
1447 2641 1529 2712 Nili

959 2747 1208 2815 desudatione.

406 2915 514 2967 ssuov.
601 2897 643 2961 In
666 2896 781 2984 vigilia
811 2901 925 2964 autem
956 2897 1343 2976 nuntiassemus
1373 2897 1491 2976 media,
1515 2897 1604 2962 fautu
1635 2891 1757 2959 ctssog.

388 3007 452 3057 loss
554 2999 682 3065 tonitru
713 2999 1069 3089 incomparabilium
1099 3000 1232 3077 nimbis,
1255 3005 1358 3066 vento
1380 3005 1416 3066 et
1437 2999 1624 3066 ohomsoa·

387 3074 514 3192 iffi&
554 3102 709 3183 tionibus,
731 3103 964 3169 intumuerunt
991 3103 1113 3169 fluctus
1144 3104 1245 3168 maris
1276 3108 1311 3168 et
1344 3102 1492 3168 fluminis
1522 3102 1622 3182 Nili,-

387 3209 527 3340 pufflepg
553 3204 603 3269 ito
624 3211 664 3322 ut
685 3207 831 3271 tentoria
853 3206 1000 3272 fidelium
1032 3228 1108 3272 oum
1138 3206 1340 3272 victualibus
1373 3211 1408 3272 et
1439 3205 1541 3271 armis
1570 3209 1605 3271 et

386 3343 520 3394 andover.
554 3331 644 3374 omm
680 3307 899 3398 supelleetili⁶
936 3309 1036 3374 nimis
1074 3310 1252 3396 dampnose
1288 3308 1461 3374 subvertit
1523 3307 1623 3390 Quae·

388 3408 534 3463 flowofsne
554 3416 733 3499 tempestas
765 3413 847 3477 adeo
873 3411 1035 3498 generalis
1069 3412 1143 3490 suit,
1167 3412 1257 3498 quod
1282 3416 1353 3476 tam
1383 3417 1494 3499 partes
1523 3410 1623 3478 uoci·

556 3515 665 3580 dentis
688 3536 788 3600 quam
811 3513 955 3594 orientis,
981 3515 1069 3600 quod
1096 3519 1147 3581 est
1179 3514 1379 3598 inauditum,
1402 3513 1623 3582 horribiliter·

387 3475 453 3528 Nile.

555 3615 757 3684 exturbavit.

556 3899 607 3967 Do
631 3897 844 3968 decimatione
870 3896 1012 3967 ecolesma
1043 3897 1298 3986 Wipoomieosts,
1323 3908 1353 3968 et
1379 3899 1621 3972 transtatione.

845 4001 957 4068 saucii
985 4001 1133 4071 Wlstuoi
1156 4001 1314 4091 episcopi.

389 4156 543 4215 Dedimuon
601 4151 726 4218 Eodem
759 4173 887 4238 quoque
919 4174 1007 4219 anno
1039 4151 1191 4218 dedicata
1225 4158 1276 4218 est
1309 4153 1443 4220 eeclesia
1472 4153 1622 4220 Sanotae·

389 4229 526 4348 fflhof
557 4253 672 4322 Mariae
696 4254 885 4342 Wigorniae.
930 4256 975 4321 Et
997 4277 1114 4343 corpus
1145 4255 1279 4342 gloriosi
1309 4255 1450 4344 episcopi
1472 4261 1508 4322 et
1529 4277 1622 4322 oon.

389 4365 426 4415 St
440 4364 523 4428 Mary,
556 4357 685 4424 sessoris
711 4358 866 4439 wlstani,
898 4357 1118 4447 praesentibus
1144 4359 1314 4438 Silvestre
1339 4359 1484 4444 ejusdem
1507 4359 1623 4425 eoole.

389 4431 467 4481 Wore
483 4441 519 4482 ste

389 4522 507 4575 Translu-

388 4589 529 4644 souerse.
555 4565 657 4647 ribus,
688 4571 723 4630 et
756 4563 830 4630 aliis
861 4563 1002 4632 ecelesias
1035 4564 1191 4651 praelatis,
1225 4565 1424 4632 translatum
1455 4570 1506 4632 est
1537 4586 1623 4631 uno·

389 4655 514 4711 wuston.

557 4729 1160 4739 nffl—m————
1167 4731 1242 4739 ———
1262 4731 1592 4739 -——-.——--———-

590 4815 596 4844 ¹
609 4811 763 4878 dicosanus]
782 4809 875 4862 Added
885 4809 913 4861 in
924 4827 1003 4878 marg.
1136 4807 1350 4879 *Hamndelensss
1368 4809 1400 4864 de
1412 4811 1563 4875 Arundello,
1571 4811 1602 4862 s.

589 4894 599 4922 ²
610 4890 756 4956 imminente]
772 4890 899 4952 insinuate,
912 4891 969 4942 MS.
1137 4892 1148 4920 ⁸
1162 4889 1318 4957 supellectile]
1337 4893 1512 4959 suppellectili,
1524 4891 1581 4947 ΜΒ.
1596 4913 1603 4954 ;

589 4973 634 5021 ’et
644 4967 743 5035 mutto]
762 4977 785 5018 et
803 4969 826 5019 is
845 4967 986 5030 interlined,
1007 4969 1056 5020 and
1103 4971 1153 5020 and
1165 4969 1252 5035 again,
1264 4986 1288 5036 p.
1301 4975 1359 5023 2³8.

556 5049 642 5101 nobilis
653 5065 686 5100 on
698 5065 730 5100 un
741 5063 847 5100 erasure.

469 4446 482 4481 ²
519 4447 540 4484 r.
556 4461 614 4528 51ae
637 4461 795 4549 episcopo,
818 4465 852 4527 et
875 4460 990 4526 multis
1019 4461 1093 4526 aliis
1119 4462 1287 4550 episcopis,
1309 4461 1494 4542 abbatibus,
1517 4461 1622 4548 prio.

1646 2959 1745 3037 Wend.

1653 3041 1688 3077 ιν.
1701 3033 1745 3079 45.
