4242 6159
601 1021 665 1086 238
734 1030 900 1082 nument
923 1027 1320 1082 mms1aus1snrsroa1s
1341 1026 1541 1078 munerun.

433 1283 501 1336 Ab.
517 1289 588 1336 lale.
735 1269 855 1355 Qualis
877 1269 1019 1338 invectu
1032 1268 1145 1356 fucrit
1166 1267 1335 1336 Dorulato
1355 1267 1514 1336 interius

435 1438 588 1488 sauofthe
645 1423 729 1490 Cum
760 1427 872 1488 autem
901 1427 1071 1510 caperetur
1093 1419 1212 1487 civitas
1241 1419 1279 1484 in
1309 1419 1412 1485 oculis
1433 1418 1520 1506 regis
1546 1417 1841 1509 Rebi-Rogwaud,

434 1505 578 1624 ffiygnf'hffi
599 1526 692 1604 ionia,
715 1547 783 1592 non
804 1524 869 1591 fuit
890 1547 990 1590 ausus
1021 1545 1112 1590 more
1144 1523 1242 1590 solito
1265 1521 1470 1589 Christianos
1502 1522 1646 1610 aggredi,
1692 1511 1729 1546 w.
1742 1501 1788 1550 ⁵⁹·
1886 1571 1890 1592 .

599 1629 657 1694 sed
691 1628 843 1694 confirsus
873 1633 907 1695 et
941 1627 1126 1714 aufugiens,
1161 1625 1295 1713 propria
1323 1630 1430 1692 castra
1461 1625 1648 1692 combussit

601 1731 732 1799 Christo
754 1733 867 1818 itaque
889 1729 980 1810 duce,
1004 1729 1128 1796 milites
1142 1727 1268 1796 Christi
1290 1727 1480 1796 Damietam
1502 1728 1650 1816 ingressi,

600 1835 725 1921 plateas
745 1835 945 1902 invenerunt
974 1829 1088 1920 plenas
1117 1837 1323 1898 mortuorum
1352 1832 1574 1912 cadaveribus,
1607 1853 1649 1898 ex

600 1939 719 2026 quibus
734 1939 874 2007 occurrit
896 1938 943 2004 eis
965 1937 1065 2004 loetor
1080 1935 1300 2002 intolerabilis
1321 1941 1357 2002 et
1379 1941 1529 2023 aspectus
1552 1935 1648 2002 mise·

520 2046 528 2070 “
600 2042 722 2108 rabilis.
768 2041 893 2107 Mortui
915 2039 1033 2107 viv0s¹
1057 2039 1298 2105 interfecerant
1343 2037 1498 2105 AEdificia
1518 2060 1669 2125 quoque·

602 2142 795 2231 corruptelis
831 2143 964 2210 filerunt
1001 2142 1158 2230 pleniora,
1189 2147 1225 2208 et
1253 2142 1289 2207 in
1318 2141 1478 2209 cubiculis
1513 2163 1668 2230 corpora·

436 2247 767 2345 numberoftabefacta
795 2247 954 2334 jacebant
985 2245 1224 2312 destructorum.
1296 2245 1476 2332 Octoginta
1507 2247 1601 2312 milia
1629 2269 1650 2311 a

436 2333 561 2386 th⁰⁵¹⁸¹¹¹⁴
603 2357 750 2439 tempore
765 2350 945 2416 obsidionis
960 2349 1128 2436 perierant
1149 2349 1186 2414 in
1207 2349 1298 2428 urbo,
1314 2349 1462 2436 exceptis
1477 2349 1553 2427 illis,
1568 2371 1650 2437 quos

602 2475 699 2520 sanos
723 2453 778 2520 vel
806 2453 981 2540 languidos
1002 2453 1204 2518 invenerant
1225 2452 1417 2534 Christiani,
1440 2453 1498 2539 qui
1520 2455 1563 2519 ad
1584 2454 1651 2519 tria

603 2557 696 2622 milia
718 2561 753 2622 et
786 2557 895 2642 plures
928 2554 1198 2621 numerabantur.
1255 2555 1309 2620 Far
1331 2555 1394 2621 hiis
1417 2556 1557 2623 trecenti
1586 2555 1652 2622 de⁹

602 2659 819 2725 nobilioribus
834 2659 878 2724 ad
891 2659 1149 2746 redemptionem
1169 2657 1431 2736 reservabantur,
1445 2657 1652 2746 quamplures

437 2779 519 2830 Three
603 2785 681 2828 vero
704 2763 747 2828 ad
768 2761 969 2849 baptismum
985 2761 1211 2828 convolarunt.
1257 2760 1340 2826 Haec
1361 2761 1479 2827 civitas
1500 2762 1607 2848 primo
1629 2775 1839 2840 auoguma

437 2846 573 2965 ilhinelehl.
604 2865 727 2932 (Μὴ
748 2866 871 2953 legitur
899 2865 997 2930 filisse
1030 2865 1179 2946 obsessa;
1210 2865 1351 2930 secundo
1381 2887 1402 2928 a
1427 2864 1565 2945 Latinis,
1589 2865 1650 2930 sub
1696 2841 1793 2898 im·

603 2969 777 3047 Almarico,
810 2991 886 3056 rege
920 2968 1109 3046 Ierusalem,
1151 2968 1209 3054 qui
1238 2967 1374 3034 minime
1403 2968 1554 3055 profecit3
1592 2967 1653 3034 hac

602 3072 702 3138 tertia
716 3073 788 3138 vice
810 3071 952 3137 tradidit
975 3093 1047 3136 eam
1072 3072 1109 3135 in
1135 3092 1253 3135 manue
1269 3069 1557 3136 Christianorum³
1580 3070 1653 3137 Rex

602 3197 715 3262 regum
764 3181 798 3240 et
836 3174 1000 3240 Dominus
1038 3172 1292 3252 dominantium,
1343 3171 1507 3238 Dominus
1543 3179 1654 3239 noster

604 3277 627 3343 J
629 3278 724 3344 hesua
748 3277 906 3354 Christus,
931 3274 1156 3363 triumphator
1177 3275 1378 3364 magnificus.

938 3533 1063 3598 Dirisc
1085 3541 1170 3599 scrut
1191 3533 1309 3619 spolia.

438 3713 599 3764 Divisionof
650 3686 758 3772 Capta
780 3684 924 3763 civitate,
949 3683 1057 3749 divisa
1079 3690 1157 3750 sunt
1179 3685 1284 3771 spolia
1304 3685 1495 3764 victoribus,
1517 3687 1554 3752 in
1575 3708 1672 3774 quo.

439 3781 482 3831 ¹¹¹0
493 3780 576 3844 spoils.
604 3811 678 3854 rum
712 3788 944 3854 distributione
974 3809 1042 3852 non
1077 3808 1194 3873 expers
1225 3785 1292 3851 fuit
1320 3787 1456 3874 legatus
1502 3789 1675 3857 Invenie.
1695 3806 1826 3876 oeRog.
1888 3841 1890 3844 ι

603 3894 727 3958 bantur
748 3897 859 3957 autem
881 3891 918 3956 in
940 3890 1099 3970 domibus,
1114 3890 1151 3955 in
1172 3911 1253 3955 auro
1276 3893 1312 3955 et
1333 3874 1823 3995 argento‚oloae1reis„,l{{‚¹¹}l

605 4000 640 4059 et
654 3995 791 4082 gemmis
817 3999 853 4060 et
875 3994 965 4060 omni
990 3992 1192 4080 supellectili,
1217 3991 1348 4060 divitiae
1373 3994 1522 4062 infinitae.
1568 3999 1673 4086 Bap.
1713 3979 1721 3993 ⁹
1769 3982 1779 4006 '
1831 3989 1840 4000 ’

605 4098 717 4164 binatis
740 4103 852 4163 autem
876 4095 1032 4184 parvulis,
1048 4101 1084 4162 et
1105 4095 1257 4161 dedicato
1280 4097 1413 4164 ecclesia
1437 4099 1475 4164 in
1498 4100 1672 4167 honorem.

605 4203 712 4268 beatae
735 4200 884 4288 Virginis
911 4200 952 4265 de
974 4199 1120 4265 maximo
1147 4199 1224 4265 fano
1250 4202 1437 4266 eorumdem
1459 4203 1671 4283 infidelium.

606 4305 743 4396 profecti
765 4309 844 4370 sunt
865 4303 1000 4390 quidam
1016 4301 1287 4382 Christianorum,
1303 4302 1345 4369 de
1366 4303 1500 4372 consilio
1521 4329 1670 4394 magna.

443 4415 551 4496 (reptare
562 4418 593 4469 of
606 4417 689 4491 tum,
713 4409 756 4474 ad
786 4412 929 4473 castrum
956 4405 1135 4492 Tapbneos‚
1162 4406 1252 4492 quod
1273 4428 1415 4472 vacuum
1441 4409 1671 4489 invenientes„

442 4483 562 4548 Tm*
607 4514 707 4580 ubere
730 4512 950 4587 iuraverunt,
975 4509 1250 4574 eunomianos
1275 4509 1538 4577 christianam
1561 4512 1673 4579 aues.

608 4617 736 4684 denmt.

643 4909 649 4936 ¹
663 4906 742 4970 ciuus]
761 4903 860 4962 nimios,
872 4903 914 4952 W.
924 4903 944 4952 l.
1188 4901 1199 4929 ⁸
1210 4902 1236 4950 iu
1248 4919 1334 4952 munuc
1341 4903 1548 4972 Christianorum]
1562 4907 1655 4959 Added

643 4984 706 5048 ²de]
727 4985 767 5034 On
779 4999 812 5032 an
823 4997 929 5031 erasure.
1155 4981 1182 5029 in
1194 4996 1272 5046 marg.
