4242 6159
333 2403 336 2410 -
421 2366 528 2418 Marcel.

589 1003 655 1065 308
729 1015 897 1066 mmmm
919 1015 1135 1066 rsarsmrsrs
1157 1015 1321 1066 mercam
1343 1015 1541 1068 saoconna.

420 1195 490 1248 AD·
506 1200 578 1246 122⁹·
589 1197 654 1258 tur.
673 1239 677 1246 -
698 1190 765 1256 Sed
789 1190 860 1256 haec
883 1190 995 1256 omnia
1015 1189 1216 1278 imperatori,
1240 1191 1312 1257 Deo
1335 1191 1373 1256 in
1391 1191 1491 1257 Terra
1514 1189 1658 1257 Sancta.

584 1289 678 1381 jam¹
700 1297 853 1380 potenter
874 1292 1043 1372 militanti,
1067 1293 1263 1379 quantocius
1285 1293 1537 1360 nunciabantur.
1649 1337 1657 1355 .

624 1531 675 1597 Dc
698 1531 873 1599 discordia
899 1539 975 1600 orta
997 1531 1092 1599 iuter
1113 1531 1254 1599 scolares
1276 1538 1306 1600 et
1327 1531 1413 1599 ciues
1433 1531 1607 1600 Parisios.
1651 1578 1661 1596 .

446 1681 552 1732 asFeb.
637 1671 827 1758 Eodemque
849 1694 947 1750 anne,
970 1672 1053 1738 feria
1074 1673 1217 1738 secunda
1239 1677 1272 1738 et
1286 1673 1389 1738 tertia
1402 1677 1480 1739 ante
1496 1671 1658 1750 Cineres„

421 1768 714 1885 ‘Qwretlhbequibus
736 1775 853 1840 diebus
876 1775 983 1840 solent
1005 1773 1113 1840 clerici
1140 1773 1362 1840 Parisienses²
1384 1774 1523 1841 scolares
1554 1775 1661 1839 ludis.

425 1851 563 2019 ,Ξιὲἱηῆ
593 1897 719 1957 vacare,
752 1877 906 1942 exierunt
937 1876 1072 1964 quidem
1102 1876 1210 1942 elerici
1241 1878 1284 1943 ab
1313 1877 1395 1995 urbe
1425 1875 1659 1995 Parisiaoensi.

420 1970 576 2086 ξωθΰᾶῐ·
592 2000 706 2045 versus
736 1978 897 2045 Sanctum
928 1979 1120 2045 Marcellum
1150 1986 1284 2066 propter
1317 2001 1401 2044 aeris
1431 1979 1661 2046 commodita.

420 2043 558 2152 Paristysnc
593 2079 684 2160 tem,³
713 2087 754 2147 ut
777 2081 867 2146 ludio
889 2080 1016 2146 ibidem
1041 2082 1257 2148 intenderent
1284 2083 1456 2148 consuetis.
1511 2080 1661 2161 Quibus.

419 2170 626 2286 ffiffl'se
650 2183 874 2249 immiscentes
896 2183 1032 2270 quidam
1058 2205 1229 2271 caupones,
1247 2185 1379 2251 clericos
1403 2183 1660 2264 vulnerarunt3.

420 2300 494 2353 orsi
591 2292 628 2350 at
663 2284 733 2349 laesi
766 2284 907 2350 vulnera
943 2306 1005 2370 pro
1038 2285 1241 2365 vulneribus,
1282 2287 1394 2373 alapas
1427 2308 1486 2372 pro
1528 2285 1660 2372 ellepis„

590 2385 698 2453 ictus⁴
712 2408 772 2472 pro
787 2387 917 2464 ictibus,
933 2409 1008 2451 cum
1023 2389 1133 2452 usuris
1148 2389 1372 2454 reddiderunt.
1418 2387 1514 2453 Prior
1536 2389 1659 2474 igitur.

591 2488 708 2555 Sancti
740 2489 896 2569 Marcelli,
924 2489 964 2554 de
996 2489 1129 2556 laesione
1159 2490 1332 2556 hominum
1364 2512 1498 2556 suorum
1526 2489 1660 2570 iratus„

592 2591 832 2677 querimoniam
854 2613 965 2656 coram
995 2592 1146 2658 Romano
1175 2593 1285 2681 legato
1309 2599 1343 2660 et
1373 2594 1522 2680 episcopo
1549 2592 1660 2658 Pari.

420 2699 536 2820 {iffi
592 2693 730 2812 siccensi
764 2715 923 2862 {memhi
936 2715 1034 2781 super
1066 2695 1137 2863 boct
1158 2695 1314 2864 τεροῑέἓ.
1372 2695 1440 2813 Qui
1469 2695 1567 2863 ἔξω]
1581 2694 1659 2863 ἑὰ.

421 2837 567 2954 fffflss}
591 2817 763 2965 ddffiiiblba
784 2797 902 2978 fHearbb,
923 2796 1434 2988 {Zpfflfaugmffigabantrffi
1450 2819 1660 2979 insiddding:

420 2967 569 3100 ffifflfl‘
590 3008 631 3069 ut
640 3003 742 3068 talem
757 3002 914 3090 injuriam
929 3004 1121 3090 praeciperet
1135 3003 1306 3069 vindicari
1352 3004 1401 3069 At
1415 3003 1474 3068 illc
1487 3002 1660 3070 muliebri.

420 3100 517 3154 nichea
589 3106 719 3193 impetu
739 3106 876 3192 agitata,
891 3105 1078 3191 praepositis
1100 3110 1135 3170 et
1159 3104 1360 3191 quibusdam
1385 3105 1542 3192 ruptariis
1565 3104 1660 3168 ilico.

589 3213 682 3278 dedit
703 3212 741 3276 in
762 3212 939 3289 mandatis,
954 3217 995 3276 ut
1016 3211 1079 3277 sub
1100 3212 1191 3277 omni
1207 3211 1376 3278 celeritate
1396 3213 1524 3292 armati,
1540 3208 1659 3298 hujus·

586 3315 756 3380 violentiae
772 3318 923 3379 auctores
937 3313 1102 3399 punirent
1148 3313 1205 3378 Illi
1228 3319 1340 3379 autem
1355 3315 1398 3379 ad
1413 3315 1514 3379 etiam
1528 3313 1658 3400 pejoru·

587 3417 693 3504 proni,
716 3416 832 3482 urbem
861 3416 999 3502 ingressi
1032 3415 1234 3482 invenerunt
1264 3422 1361 3482 extra
1393 3416 1484 3482 urbis
1515 3415 1658 3481 moenia.

478 3530 482 3536 ’
585 3518 718 3584 clericos
732 3518 856 3583 multos
877 3516 964 3584 ludis
985 3517 1092 3582 adhuc
1110 3517 1328 3596 intendentes,
1345 3519 1402 3604 qni
1422 3517 1456 3582 in
1481 3517 1658 3583 violentia.

586 3621 725 3707 praefata
747 3621 873 3686 nullam
895 3619 1027 3706 penitus
1052 3619 1181 3706 culpam
1211 3621 1411 3686 habuerunt.
1469 3619 1526 3684 Illi
1550 3620 1658 3685 enim-

589 3723 817 3799 Flandrenses,
840 3743 922 3809 quos
953 3720 1109 3788 Picardos
1132 3722 1253 3809 vulgus
1282 3722 1436 3810 appellat,
1461 3722 1659 3810 culpabiles«

588 3825 781 3891 extiterunt.
838 3823 1008 3889 Satellites
1029 3830 1142 3889 autem
1165 3832 1276 3889 sontes
1298 3825 1341 3890 ab
1360 3824 1548 3890 insontibus
1570 3845 1658 3888 non·

589 3927 819 4005 discernentes,
854 3926 1025 3989 irruerunt
1057 3925 1095 3988 in
1129 3946 1242 3990 omnes
1279 3925 1361 4004 illos,
1400 3931 1435 3992 et
1472 3927 1573 3992 etiam
1602 3925 1658 3990 in·

574 4030 671 4095 'urbe
693 4029 859 4116 degentes,
883 4031 919 4092 et
940 4026 1060 4092 armati
1085 4027 1123 4090 in
1145 4027 1287 4092 inermes
1312 4033 1347 4092 et
1370 4027 1522 4094 incautos
1543 4028 1658 4094 cmvi·-

588 4137 689 4212 entes,
712 4131 834 4195 multos
857 4127 1055 4207 occiderunt,
1071 4128 1339 4208 vulneraverunt,
1356 4128 1582 4216 spoliavemmt
1604 4135 1658 4196 et.

421 4245 539 4297 ‘melec-
591 4234 599 4249 ‘
742 4254 841 4297 anum
865 4230 1120 4296 submerserunt.
1177 4231 1290 4296 Hu'us
1317 4237 1428 4297 autem
1458 4238 1492 4298 tr
1625 4270 1659 4294 -.

419 4233 890 4431 tpureisgitheffoffilezomim
912 4355 987 4399 cum
1001 4333 1046 4398 ad
1060 4354 1155 4399 aures
1176 4253 1411 4420 magistrorum
1433 4254 1658 4400 Πηιῗοετὲεἶὲ.

420 4461 463 4496 m
474 4461 528 4496 sue
541 4389 570 4447 ty
589 4440 636 4506 tis
649 4438 862 4529 pervenisset,
879 4436 1046 4524 suspensis
1067 4435 1266 4502 lectionibus
1289 4441 1324 4502 et
1346 4436 1657 4524 disputationibus,-

418 4513 579 4632 ffissffl
590 4545 813 4608 convenenmt
840 4561 952 4606 omnes
972 4539 1010 4603 in
1035 4539 1211 4626 praesentia
1240 4538 1364 4624 reginae
1389 4543 1424 4604 et
1449 4538 1561 4626 legati,
1586 4539 1658 4603 in·.

420 4646 539 4711 dispene.
579 4647 717 4711 ‘stanter
738 4643 944 4731 postulantes
971 4641 1011 4706 de
1035 4645 1134 4706 tanto
1157 4641 1281 4727 injuria
1302 4641 1366 4706 sibi
1386 4638 1555 4726 justitiam
1579 4662 1657 4705 ex-.

588 4748 703 4813 hiberi
747 4745 814 4812 Sed
838 4766 913 4810 cnm
930 4744 1059 4830 legatus
1079 4743 1178 4808 nimis
1200 4763 1323 4830 pronus
1346 4747 1379 4808 et
1402 4744 1525 4830 reginae
1546 4743 1659 4808 favo.

620 4932 703 5000 ¹1⁸ch
723 4933 764 4984 On
775 4947 808 4980 an
819 4945 927 4981 erasure.
1167 4927 1385 4995 ’cmnauditolem]
1393 4927 1635 4993 comoditatemltlS.

620 5011 808 5076 wercum]
827 5010 968 5071 Periemcs,
978 5008 1036 5060 MS.
1168 5009 1263 5075 ⁴ictur]
1281 5008 1339 5072 itus,
1347 5010 1405 5062 MS.
