4242 6159
566 1067 613 1120 ne
634 1067 795 1120 rmrosn
816 1066 916 1120 soors
938 1065 1331 1130 nnrs1cr,v1nrnsr11.
1404 1052 1467 1117 195

242 1365 284 1416 nr
299 1370 389 1417 roca.
416 1343 469 1412 De
486 1343 609 1432 poma
630 1342 720 1428 repis
742 1342 893 1410 Hecatce'
914 1343 990 1410 III.
1009 1341 1234 1423 corcrwtc‘ooe,
1250 1365 1274 1410 c
1295 1364 1365 1431 qaue
1385 1353 1635 1411 omn-A.D.1216.

237 1462 242 1483 ·
522 1453 700 1534 prauam
722 1447 816 1514 aras
838 1445 1072 1514 cormeaticaie
1093 1446 1244 1532 ejusdem
1265 1447 1362 1534 repis.

242 1615 407 1682 regumn
463 1593 631 1662 Defuncto
648 1595 812 1676 debeone,
827 1595 1011 1686 Anglorum
1034 1617 1120 1684 rege,
1135 1602 1360 1664 convenerunt
1382 1598 1636 1685 apudcoronauon

284 1687 320 1734 ³⁸⁹·
336 1691 360 1734 ¹·
418 1697 632 1765 (lloverniem
661 1701 698 1766 in
727 1699 843 1788 vigilia
871 1700 1096 1788 apostolorum
1126 1698 1271 1766 Simonis
1293 1704 1329 1767 et
1358 1700 1468 1784 Judae,
1481 1677 1613 1794 prLHeury

416 1803 455 1867 in
483 1803 661 1890 praesentia
690 1803 850 1881 walonis,
879 1803 1069 1892 apostolicae
1099 1803 1186 1870 sedis
1214 1802 1327 1892 legati,
1350 1803 1469 1870 Petrus
1507 1838 1538 1886 27
1551 1835 1608 1888 00,

417 1903 665 1988 wintoniensis,
690 1905 860 1972 Jocalinus
883 1905 1126 1986 Bathoniensis,
1150 1910 1185 1973 et
1215 1906 1376 1974 Silvester
1397 1907 1470 1974 Wi-

237 2048 246 2083 ,
413 2007 596 2096 gorniensis
611 2009 763 2098 episcopi,
778 2008 983 2098 Ranulphus,
1006 2031 1115 2078 comes
1137 2009 1328 2090 Oestrensis,
1344 2009 1470 2076 Willel-

417 2133 492 2178 mus
515 2109 735 2190 Moresoellus,
757 2133 863 2179 eomes
893 2112 1121 2193 Penbrockioe,
1144 2113 1339 2193 Willelmus,
1363 2135 1471 2180 comes

418 2214 461 2279 de
483 2213 651 2293 Ferrariis,
674 2215 844 2281 Johannes
874 2215 1093 2297 Merescallus,
1116 2215 1291 2304 Philippus
1313 2217 1354 2283 de
1375 2215 1471 2282 Albi·

417 2322 506 2398 neto,
528 2339 603 2385 cum
625 2317 815 2400 abbatibus,
845 2317 1020 2407 prioribus,
1044 2325 1079 2386 et
1101 2319 1201 2385 turbe
1230 2321 1337 2386 multa
1358 2320 1468 2402 nimis,

416 2425 457 2488 ut
483 2419 673 2499 Henrieum
703 2421 866 2488 Johennis
892 2423 978 2512 regis
1007 2421 1115 2488 filium
1143 2422 1411 2511 primogenitum,
1433 2423 1471 2489 in

417 2546 528 2614 regem
553 2525 685 2613 Angliae
707 2525 847 2592 feliciter
869 2525 1064 2592 exaltarent.
1110 2523 1154 2591 In
1184 2527 1327 2592 erastino
1348 2532 1469 2607 eutem,

237 2641 407 2709 segmen&
418 2629 612 2716 prosperetis
631 2628 783 2694 omnibus
803 2629 847 2694 ad
866 2628 1110 2695 coronationem
1132 2630 1329 2708 necessariis,
1343 2630 1472 2717 legatus

281 2715 360 2762 Μ·
418 2732 638 2819 supradictus,
662 2730 832 2798 associatis
862 2731 927 2797 sibi
957 2730 1114 2819 episcopis
1140 2737 1174 2797 et
1205 2733 1381 2798 comitibus
1403 2755 1471 2799 me-
1560 2733 1564 2739 ’

418 2833 563 2914 moratis,
597 2834 696 2902 duxit
728 2857 804 2901 eum
835 2835 879 2902 ad
912 2835 1081 2901 ecclesiam
1113 2836 1364 2902 conventualem
1395 2859 1471 2903 cum

417 2939 619 3027 processione
650 2937 831 3026 sollempni,
863 2959 975 3026 regem
1003 2937 1271 3017 amlamandum3
1308 2938 1367 3005 ubi
1392 2945 1472 3006 ente

400 3045 527 3129 .mejus
549 3042 654 3107 altare
676 3043 887 3122 constitutus,
911 3041 1057 3108 dictante
1087 3042 1352 3108 sacramentum¹
1376 3042 1401 3109 J
1402 3065 1471 3109 oce-

399 3145 495 3223 .lino,
512 3144 728 3211 Bothcniensi
751 3146 909 3234 episcopo,
921 3144 1054 3230 juravit
1080 3145 1150 3231 ipse
1173 3143 1339 3211 Henricus
1361 3167 1471 3215 coram

417 3249 504 3316 clero
536 3255 570 3316 et
597 3248 725 3336 populo,
750 3247 909 3335 appositis
934 3248 999 3314 sibi
1024 3248 1239 3314 samosanctis
1267 3247 1470 3334 evangeliis⁸

403 3357 451 3418 et
487 3352 706 3440 plurimorum
742 3355 930 3416 sauctorum
972 3350 1129 3437 reliquiis,
1167 3351 1255 3437 quod
1301 3351 1641 3444 honorem,JNoanya

404 3477 530 3542 pacm
551 3475 590 3520 ac
611 3452 832 3520 reverentiam
854 3452 1004 3540 portabit
1027 3452 1100 3519 Deo
1123 3458 1158 3520 et
1179 3459 1303 3520 sanctae
1325 3448 1604 3550 eeclesiaeffi‘fm‘

418 3564 453 3624 et
475 3557 546 3643 ejus
575 3557 744 3635 ordinatis,
769 3555 923 3621 omnibus
953 3556 1070 3622 diebus
1099 3557 1181 3623 vitre
1210 3578 1287 3623 suae.
1333 3559 1470 3625 Juravit

418 3663 529 3739 etiem,
552 3659 640 3747 quod
665 3660 702 3724 in
724 3659 845 3747 populo
876 3658 938 3723 sibi
964 3659 1137 3725 commisso
1158 3664 1284 3726 rectem
1301 3661 1471 3748 justitiam

419 3763 556 3841 tenebit,
578 3763 731 3849 quodque
752 3762 841 3848 leges
863 3761 967 3826 melas
989 3765 1025 3827 et
1045 3763 1178 3849 iniquae
1207 3765 1472 3845 consuetudines,

420 3869 545 3955 siquae
567 3864 670 3931 sunt⁸
699 3865 736 3932 in
765 3887 875 3952 regno,
906 3863 1039 3943 delebit,
1063 3869 1098 3930 et
1126 3866 1230 3932 bonos
1254 3869 1471 3950 conservabit,

420 3976 455 4036 et
483 3969 527 4034 ab
557 3968 709 4034 omnibus
738 3967 838 4034 faciet
868 3967 1045 4035 observari.
1100 3967 1154 4046 Et,
1184 3969 1248 4034 hiis
1280 3970 1331 4036 ite
1359 3973 1471 4059 gestis,

403 4073 540 4142 .Petrus
574 4071 818 4138 wintoniensis
851 4075 885 4137 et
914 4070 1085 4138 locelinus
1119 4070 1375 4140 Bethoniensis‘
1404 4076 1473 4163 epi-

404 4175 510 4264 scopi
532 4175 642 4264 ipsum
663 4176 699 4240 in
721 4196 832 4263 regem
853 4179 1024 4262 ungentes,
1048 4183 1289 4242 coronaverunt
1311 4199 1388 4244 eum
1408 4177 1474 4244 sol·

405 4278 600 4368 .lempniter
614 4299 688 4345 cum
703 4278 839 4346 canticis
855 4284 890 4344 et
905 4278 1198 4357 modulationibus,
1215 4302 1290 4367 quae
1305 4281 1342 4346 in
1355 4303 1472 4369 regum

422 4382 688 4448 coronationibus
710 4381 818 4447 solent
836 4381 1012 4447 decantari.
1058 4381 1216 4461 Tandem,
1232 4383 1372 4470 expletis
1394 4385 1473 4450 mis-

422 4507 533 4551 sarum
563 4483 773 4573 sollempniis,
807 4483 975 4550 duxerunt
1013 4484 1122 4572 ipsum
1147 4485 1220 4570 jem
1253 4507 1363 4572 regem
1397 4508 1472 4556 cum

422 4677 576 4687 ι--ι--ο--μ

458 4796 666 4862 neormam]
692 4797 730 4848 At
750 4797 806 4846 first
825 4796 925 4848 written
969 4795 1097 4847 corrected
1122 4795 1174 4843 sint
1201 4794 1229 4843 in
1256 4795 1320 4846 Fdd.
1354 4798 1405 4847 and
1431 4799 1471 4849 ed

423 4885 582 4929 mmmm.
970 4876 1061 4928 Wend.

458 4954 624 5022 ’maeotim
643 4957 807 5022 murgeriis,
818 4955 874 5007 MS.
1004 4958 1013 4986 ⁴
1025 4954 1214 5021 sasaim]
1233 4954 1409 5018 Bononiae.

459 5035 549 5103 ἀπε]
570 5035 605 5088 So
617 5037 670 5086 niso
685 5037 726 5090 W.
739 5037 770 5089 B.
785 5036 814 5089 C.
832 5037 870 5098 E,
881 5037 926 5087 but

1270 5131 1339 5194 ss
