4242 6159
725 1034 773 1090 nu
795 1034 956 1096 renense
976 1038 1080 1095 nnsis
1101 1039 1284 1095 cessuris
1488 1030 1531 1107 87

473 1207 549 1284 lem,
572 1229 719 1296 appensa
741 1214 792 1275 est
818 1232 917 1296 super
940 1212 1044 1277 altare
1069 1215 1177 1325 sancti
1203 1214 1368 1283 Simeonis
1392 1219 1428 1283 in
1452 1218 1529 1285 Gol-
1542 1199 1610 1319 ffl
1619 1209 1697 1322 1119920·

473 1311 586 1397 gotha,
608 1311 667 1376 ubi
689 1312 855 1378 Dominus
877 1313 1030 1381 Christus
1052 1316 1174 1385 Jhesus
1197 1320 1449 1409 crucifigebatur
1470 1344 1637 1411 proveant

473 1415 583 1481 salute
605 1414 746 1481 humani
768 1416 897 1503 generis
922 1416 1122 1485 universali}
1541 1402 1689 1458 Jerusuem.

548 1740 592 1809 Ut
621 1740 842 1809 nemeaea
867 1740 1167 1831 arcoapawpaass
1188 1743 1348 1813 autom
1371 1744 1468 1815 bonis

874 1843 1044 1932 potam
1064 1844 1120 1918 sit.

296 2008 465 2087 Regma
521 2002 585 2070 Per
614 2003 805 2071 eorumdem
831 2002 960 2069 dierum
992 2002 1154 2069 curricula
1188 2002 1379 2087 (laufridus,
1403 2004 1664 2088 Ebora-Thessa

251 2150 257 2186 ‚
322 2092 360 2128 ¹¹²
374 2084 436 2131 ¹⁵⁴·
475 2106 579 2173 oensis
615 2106 886 2195 archiepiscopus,
924 2128 966 2172 ex
1004 2106 1166 2175 mandato
1203 2108 1290 2197 regis
1327 2108 1351 2174 J
1355 2106 1525 2199 [ohannis]
1539 2089 1688 2219 ζζοξξέξῗ

474 2208 634 2295 spoliatus
667 2214 720 2275 est
749 2208 792 2275 ab
831 2209 985 2275 omnibus
1008 2209 1105 2276 bonis
1136 2210 1187 2276 sui
1218 2210 1525 2301 archiepiscopatus.
1539 2220 1675 2291 hisgooda

454 2300 639 2377 'lacobus'
655 2312 755 2389 enim,
778 2311 961 2379 vicecomes
984 2311 1210 2395 Eboracensis,
1226 2319 1261 2379 et
1287 2313 1358 2400 ejus
1381 2312 1527 2380 ministri

473 2415 620 2481 maneria
641 2415 732 2481 illius
762 2419 797 2481 et
827 2414 1020 2481 clericorum
1050 2436 1195 2495 suorum,
1217 2415 1366 2481 virorum
1398 2437 1527 2503 quoque

471 2516 700 2603 religiosorum
714 2517 932 2603 possessiones
953 2516 1120 2583 violenter
1135 2518 1288 2605 aggressi,
1306 2516 1393 2583 bona
1415 2538 1527 2585 eorum

472 2618 707 2687 distrahebant
754 2619 855 2685 Unde
877 2618 966 2685 idem
982 2620 1245 2709 archiepiscopus
1260 2620 1283 2687 J
1285 2620 1423 2687 acobum
1444 2638 1581 2711 prae-He
1593 2656 1694 2695 excom-

471 2720 578 2785 fatum
607 2721 805 2787 nominatim
827 2722 1135 2801 excommunicavit,
1159 2730 1193 2789 et
1216 2723 1253 2787 in
1275 2745 1393 2811 genere
1416 2708 1679 2828 ⁰m⁰⁶⁸ilrlntirl⁸iff

471 2823 571 2909 hujus
585 2830 734 2891 auctores
756 2824 934 2903 violentiae,
957 2825 1015 2910 qui
1040 2846 1152 2913 regem
1173 2826 1332 2891 adversus
1355 2850 1428 2892 eum
1453 2850 1659 2906 con-gressus

301 2946 460 3009 [scamno
474 2928 639 3013 querendo
668 2928 706 2993 in
726 2927 811 2993 iram
839 2928 997 3016 majorem
1018 2928 1246 2994 accenderunt.
1304 2926 1411 2995 Causa
1437 2930 1526 2995 enim
1540 2950 1674 3005 camos

323 3014 434 3065 ¹1³·¹⁵⁵·
473 3031 572 3117 regiae
613 3029 874 3119 perturbationis
918 3035 1034 3095 contra
1072 3050 1147 3093 eum
1186 3027 1366 3115 multiplex
1403 3032 1526 3097 extitit.
1538 3017 1582 3135 ,Ὗ
1593 3018 1677 3135 kring’s

316 3144 439 3197 fasta
471 3132 593 3210 Primo,
617 3132 696 3220 quia
723 3154 792 3197 non
822 3132 974 3221 permisit
1004 3130 1181 3218 praefatum
1204 3130 1431 3197 vicecomitem
1462 3132 1693 3215 col-agmen

469 3235 572 3323 ligere
602 3235 810 3323 carucagium
831 3234 869 3299 in
891 3256 953 3300 sua
986 3233 1108 3299 diocesi
1130 3232 1173 3298 ad
1204 3253 1287 3320 opus
1320 3234 1415 3320 regis,
1441 3220 1594 3301 sicutte

470 3339 502 3403 ei
538 3338 647 3405 fuerat
683 3336 883 3426 generaliter
919 3359 979 3425 per
1016 3334 1175 3424 Angliam
1212 3356 1410 3403 concessum.
1468 3336 1527 3403 Se·

470 3442 588 3519 cundo,
610 3442 689 3529 quia
722 3441 832 3506 noluit
853 3440 1070 3506 transfretare
1094 3460 1170 3504 cum
1202 3439 1274 3526 ipso
1297 3438 1333 3504 in
1360 3438 1525 3505 Norman·

469 3544 571 3622 niam,
584 3544 628 3609 ad
642 3542 726 3609 illud
740 3543 957 3631 maritagium
978 3541 1176 3618 faciendum,
1192 3542 1233 3607 de
1248 3562 1313 3628 quo
1329 3542 1525 3629 praedictum

448 3654 530 3724 est,
563 3652 599 3713 et
629 3646 891 3734 componendum
923 3667 998 3711 cum
1028 3666 1104 3732 rege
1136 3644 1344 3711 Francorum.
1399 3646 1524 3728 Tertio,

468 3752 550 3839 quia
580 3751 924 3817 excommunicaverat
964 3746 1194 3814 vicecomitem
1224 3753 1450 3829 memoratum,
1489 3756 1523 3816 et

467 3859 575 3920 totam
597 3853 801 3941 provinciam
825 3851 1064 3917 Eboracensem
1084 3856 1301 3938 supposuerat
1322 3850 1506 3918 interdicto.

533 4048 554 4055 .-
1069 4040 1517 4051 ———-——---.—-.———-

504 4174 511 4203 ι
519 4172 784 4240 Ρωωωίυωαιῑ]
804 4174 846 4225 on
864 4190 897 4224 m
916 4188 971 4223 m,
1015 4150 1159 4216 performed
1181 4152 1216 4217 by
1239 4151 1282 4202 the
1308 4154 1384 4203 abbat
1405 4153 1437 4204 of
1456 4153 1521 4216 Fini,

1018 4231 1102 4282 which
1113 4230 1135 4285 is
1146 4231 1199 4283 also
1211 4230 1238 4281 in
1248 4231 1340 4283 Weud.
1351 4231 1388 4283 iii.
1399 4237 1521 4283 les-154.

468 4266 601 4370 ‚⁸⁰¹⁸'‚h
620 4265 652 4315 F.
671 4266 731 4317 here
751 4266 850 4317 follows
872 4281 888 4317 a
911 4266 972 4331 10118
1048 4312 1060 4341 ι
1070 4309 1237 4361 Remmia
1281 4310 1480 4377 archiepiscopus
1505 4313 1517 4380 ]

467 4364 591 4407 inscrnou
601 4357 708 4409 fiomB·
724 4358 754 4410 C·
771 4360 823 4421 (0‘L
839 4358 972 4423 νυ’11111111

469 4450 972 4518 son-mpmnanngmmsnenoua
1050 4470 1196 4536 uacua]
1216 4472 1329 4522 smnus
1352 4472 1384 4523 oe
1403 4472 1521 4533 Potane,

467 4544 973 4630 lonfamcmcsomtornemimles
1018 4550 1152 4615 Heredes,
1163 4567 1187 4615 p.
1200 4555 1258 4601 cll.

1016 4391 1144 4455 Repeated
1154 4388 1189 4455 b'y
1200 4406 1276 4441 error.
1335 4392 1342 4401 '
