4242 6159
626 1055 690 1120 196
756 1064 922 1117 uerrunt
945 1061 1159 1114 raursrausrs
1180 1057 1342 1110 maroam
1363 1057 1565 1110 morosum

457 1242 828 1334 an.121o.proeassi0ne
850 1238 1024 1328 sollempni
1047 1237 1190 1326 episcopi
1211 1240 1248 1302 et
1269 1235 1407 1302 comitas
1436 1233 1605 1323 saepedicti
1626 1254 1677 1299 re·

626 1347 756 1437 galibus
778 1345 935 1410 indutum
958 1341 1001 1408 ad
1024 1361 1181 1418 mensam,
1203 1339 1263 1406 ubi
1285 1359 1399 1405 omnes
1419 1337 1458 1403 in
1480 1337 1595 1404 ordine
1619 1358 1678 1402 suo

626 1451 815 1518 exultantes
848 1451 883 1513 et
914 1467 972 1534 spe
1004 1450 1104 1511 naota
1133 1443 1264 1509 meliori
1296 1441 1525 1530 epulabantur.
1581 1441 1698 1508 Coro.
1714 1449 1887 1531 Rrweno

327 1595 335 1614 «
627 1557 726 1619 natus
757 1556 807 1617 est
837 1555 949 1615 autem
978 1569 1038 1613 rex
1069 1547 1234 1614 Henrious
1264 1544 1330 1611 III.
1362 1566 1450 1610 anno
1476 1543 1587 1611 aetatis
1609 1565 1679 1608 suae
1748 1535 1794 1570 ι’·
1813 1527 1848 1573 ³·

369 1668 439 1748 W
459 1697 546 1747 &a
627 1671 685 1734 1⁰,
707 1655 743 1720 in
766 1654 820 1720 die
843 1652 1067 1741 apostolorum
1091 1650 1236 1716 Simonis
1258 1655 1293 1715 et
1321 1647 1431 1728 Judae,
1454 1645 1605 1712 xx⁰viii⁰.
1627 1646 1682 1710 die

359 1700 538 1871 Q
629 1757 749 1823 mensis
772 1751 946 1822 Octobris.l
993 1753 1067 1819 Rex
1089 1757 1202 1819 autem
1220 1756 1297 1841 post
1319 1751 1564 1817 coronationem
1586 1771 1679 1814 suam

409 1850 445 1909 Ψ
458 1875 500 1931 ’ἢ
513 1885 524 1906 “·
630 1859 790 1926 remansit
828 1859 864 1922 in
902 1856 1052 1923 custodia
1093 1855 1261 1934 Willelmi,
1307 1853 1438 1918 comitis
1476 1851 1682 1929 Penbrokiae,

405 1894 506 2005 yx
630 1963 743 2050 magni
765 1960 922 2027 videlieet
952 1958 1141 2026 marescalli.
1188 1956 1256 2038 Qui
1281 1957 1434 2043 protinus
1456 1954 1548 2020 misit
1570 1954 1683 2020 literas

463 2127 597 2208 itur
629 2057 1552 2252 {tt&distulitimmitti
1569 2057 1684 2226 tit

463 2209 598 2364 mili
631 2188 867 2348 inteddintesi
894 2216 1107 2354 promittens'
1125 2267 1277 2332 omnibus
1308 2265 1527 2353 possessiones
1558 2285 1596 2328 ao
1625 2263 1684 2328 do·

465 2393 565 2458 stipor
633 2373 728 2439 naria
758 2371 874 2451 multa,
909 2371 959 2435 ita
992 2369 1117 2436 seilicet
1148 2374 1187 2434 ut
1221 2369 1309 2435 dieto
1346 2369 1427 2456 regi,
1458 2367 1591 2434 domino
1624 2388 1702 2432 suo.

464 2461 588 2518 william,
632 2474 786 2551 naturali,
807 2471 952 2538 fideliter·
973 2473 1188 2550 adhaererent,
1205 2476 1429 2558 sequerentur,
1453 2474 1489 2538 et
1510 2469 1703 2559 praecordi.

466 2527 614 2647 liddiioke.
634 2579 731 2646 aliter
754 2577 938 2664 diligerent.

752 2881 924 2967 anowdo
945 2902 1004 2948 rau
1026 2879 1201 2947 Henriooa
1223 2879 1292 2948 ΠΙ.
1313 2879 1430 2966 qratia
1453 2878 1577 2965 divum

1036 2983 1288 3051 ulmis-amtor.

470 3137 613 3255 {min
683 3133 766 3220 Regi
789 3133 892 3221 igitur
916 3133 1062 3200 Henrioo
1085 3131 1165 3211 ΙΙΙ,,
1188 3153 1286 3219 quem
1308 3133 1417 3221 gratia
1437 3131 1628 3218 juventutis
1650 3135 1708 3198 et.

470 3271 599 3322 ,th,
637 3236 826 3302 innocentia
848 3236 975 3301 eunetis
997 3235 1144 3302 reddidit
1165 3236 1349 3314 amabilem,
1371 3240 1406 3303 et
1427 3241 1569 3302 venusta
1588 3234 1707 3300 facies.

470 3339 565 3402 fleury.
638 3363 711 3406 oum
734 3341 822 3404 flava
845 3337 976 3404 oaesarie
1005 3339 1145 3426 singulis
1176 3338 1402 3419 favorabilem,
1427 3360 1534 3405 sermo
1557 3359 1707 3424 quoque.

639 3447 788 3508 maturus
819 3439 981 3506 universis
1003 3440 1233 3520 venerabilem,
1263 3440 1390 3507 nobiles
1418 3442 1511 3528 regni
1534 3441 1708 3508 certatim.

639 3544 843 3611 convolando
874 3543 1038 3630 promtius
1068 3543 1286 3610 adhaeserimt
1333 3543 1526 3609 Castrorum
1559 3564 1708 3630 quoque.

638 3653 673 3712 ot
704 3647 879 3712 ciuitatum
914 3645 1073 3724 custodes,
1103 3646 1160 3732 qui
1192 3647 1263 3734 regi
1293 3645 1441 3712 Johanni
1475 3646 1537 3711 sub
1569 3646 1710 3712 timore.

640 3749 751 3816 servili
781 3749 1015 3826 militaverant,
1042 3749 1106 3836 ipsi
1136 3749 1206 3836 regi
1237 3748 1385 3815 Henrioo
1415 3747 1481 3815 III.
1512 3747 1573 3814 sub
1595 3747 1709 3814 filiali.

765 3947 864 3953 -—..--
871 3947 934 3953 ...-
949 3947 955 3952 .
963 3947 972 3952 .
981 3948 990 3952 -
997 3947 1102 3954 θῇ,

675 4067 680 4096 ¹
694 4064 736 4114 On
749 4063 792 4115 the
809 4063 886 4114 lower
898 4063 998 4130 margin
1018 4065 1041 4116 is
1056 4066 1144 4117 droun
1166 4100 1169 4115 .
1189 4068 1213 4120 si
1223 4068 1317 4134 aliquis
1332 4077 1494 4120 coronaretur
1509 4067 1538 4118 in
1552 4082 1638 4134 regem
1650 4065 1692 4118 die

640 4147 682 4196 the
693 4143 765 4211 roysl
777 4143 856 4193 shield
867 4143 897 4193 oi
910 4159 985 4206 orma,
996 4154 1071 4206 orout,
1081 4146 1145 4197 with
1166 4134 1169 4208 Ι
1190 4143 1288 4195 Natalis
1313 4143 1428 4202 Domini.
1451 4151 1477 4194 et
1504 4151 1621 4209 regnarat
1646 4158 1691 4193 xr.

641 4239 753 4274 ueroun
770 4223 869 4280 belona
889 4223 986 4288 audby
1001 4223 1043 4274 the
1061 4225 1146 4277 sidcis
1166 4228 1169 4238 '
1191 4224 1287 4285 diebus,
1297 4231 1381 4288 posset
1398 4221 1448 4273 diei
1465 4224 1533 4288 quod
1549 4223 1575 4272 in
1594 4221 1692 4273 dnobus

642 4303 740 4354 tritten
752 4301 794 4351 the
805 4301 936 4368 following
943 4304 1145 4364 noim-“Nota
1166 4264 1170 4373 l
1190 4305 1266 4355 annis
1276 4303 1428 4370 regnaverit,
1435 4303 1496 4368 quia
1505 4310 1565 4354 ante
1575 4302 1692 4354 Circum-

643 4385 711 4448 qnod
733 4381 754 4431 si
777 4388 934 4445 computetur
955 4383 1017 4432 illud
1040 4389 1146 4448 tempus,
1167 4386 1170 4441 l
1192 4383 1313 4435 oisionem
1327 4383 1481 4449 [1Jan.]et
1496 4389 1559 4447 post
1592 4382 1693 4433 Ethao

643 4462 739 4513 seilicet
750 4461 817 4525 quod
827 4459 936 4512 fluxerat
946 4477 962 4511 a
973 4461 1036 4512 sesto
1047 4469 1147 4526 aposto·
1167 4446 1170 4459 ’
1191 4465 1257 4514 ratio
1274 4462 1318 4514 hio
1333 4469 1433 4514 tenatur
1448 4476 1527 4527 nsque
1542 4463 1576 4512 ad
1592 4469 1693 4513 sextum

644 4541 726 4592 lorum
747 4539 866 4605 symonis
881 4548 907 4590 et
922 4541 999 4592 «Iuda
1016 4541 1147 4607 usquead
1192 4543 1318 4594 decimum
1326 4541 1584 4606 annumhnjusregia
1618 4541 1694 4592 ‘lianc

646 4621 735 4671 Natale
755 4618 869 4681 Domini,
885 4634 931 4685 pro
947 4635 998 4671 uno
1019 4635 1087 4672 anno
1102 4635 1148 4686 per
1191 4636 1253 4672 vero
1279 4627 1390 4672 mutatum
1416 4628 1442 4672 at
1468 4619 1566 4671 deletur
1595 4627 1695 4684 tempus

646 4699 809 4758 sinodoohen‚
829 4700 1014 4764 computabitur
1029 4715 1044 4750 a
1061 4699 1147 4751 Natali
1192 4701 1342 4766 particulare
1356 4715 1403 4765 pro
1417 4714 1485 4750 auno
1496 4700 1694 4762 computatum?

647 4779 763 4850 proximo
781 4779 893 4843 sequenti
913 4795 995 4830 annus
1017 4781 1147 4842 secundos,
1193 4780 1249 4830 'she
1267 4795 1390 4844 aasumey
1406 4778 1501 4830 atthis
1516 4787 1575 4828 note
1592 4778 1614 4828 ia
1632 4793 1695 4828 oon-

648 4858 720 4908 etsie
731 4857 857 4921 deinceps.
892 4859 925 4909 Et
937 4859 985 4910 hoe
1003 4860 1035 4910 ed
1046 4859 1148 4910 titulum
1193 4861 1328 4925 firmedby
1336 4859 1379 4909 tho
1393 4858 1486 4908 ontries
1499 4871 1533 4906 on
1547 4856 1591 4906 the
1602 4857 1695 4909 Patent

648 4934 695 4984 erit
717 4937 868 5001 regnantis3
898 4939 970 4990 multi
999 4939 1066 4991 enirn
1088 4941 1147 4990 anni
1193 4935 1529 5001 Bollaaudtlreliedssook
1543 4935 1574 4985 of
1588 4935 1696 4986 thelix-

647 5016 808 5082 magnificant
833 5033 925 5083 regem.
959 5019 1039 5071 Verbi
1057 5021 1149 5084 gratia,
1193 5019 1310 5087 oheqaer.
