4242 6159
611 1026 676 1094 142
735 1036 901 1090 narrum
924 1031 1136 1085 conmanere
1158 1029 1321 1083 mercata
1344 1028 1543 1081 ANGLORUM.

442 1217 732 1285 avenascensis
755 1222 790 1283 at
813 1216 944 1293 auditis,
967 1214 1141 1302 preclaros
1166 1212 1337 1299 indigenas
1359 1210 1453 1297 quasi
1476 1209 1678 1297 proditores·

610 1327 645 1389 et
679 1320 822 1387 misellos
858 1319 992 1407 sprevit,
1027 1324 1062 1384 et
1100 1314 1233 1387 excludi
1275 1314 1436 1401 precepit.
1496 1312 1552 1378 Ad
1578 1332 1678 1398 quos·

611 1445 739 1513 quoque
768 1422 1013 1503 conterendum,
1053 1442 1129 1486 cum
1159 1417 1470 1486 comminationibus
1500 1436 1679 1502 magnum.

610 1529 822 1616 congregavit
843 1526 1033 1605 exercitum,
1056 1530 1097 1591 ut
1119 1523 1213 1610 quasi
1235 1521 1371 1589 rebelles
1396 1520 1440 1586 ad
1465 1524 1658 1586 consuetum
1671 1522 1839 1627 Ros-tolph

612 1632 804 1717 obsequium
826 1629 989 1696 violenter
1014 1632 1191 1694 revocaret.
1248 1626 1398 1711 Cumque
1421 1644 1480 1710 per
1500 1622 1602 1687 verbo
1625 1626 1679 1686 ct.
1696 1606 1734 1643 ¹¹¹·
1752 1597 1813 1643 ‘⁰⁶‘

611 1756 801 1812 sermonem,
828 1755 903 1820 quae
929 1732 1038 1798 solent
1064 1731 1170 1797 cordis
1202 1751 1270 1795 esre
1301 1728 1429 1805 nuncia,
1458 1730 1680 1813 compertum.

612 1839 735 1916 fuisset,
766 1858 878 1923 regem
904 1836 945 1901 de
967 1836 1075 1900 salute
1100 1856 1160 1899 sua
1186 1833 1336 1919 graviter
1366 1831 1447 1896 facti
1478 1830 1529 1893 sui
1556 1829 1680 1916 poeni.

612 1942 723 2018 tuisse,
749 1940 926 2006 doluerunt
950 1937 1046 2003 valde
1073 1937 1173 2003 fidem
1200 1938 1237 2002 in
1262 1935 1394 2000 homine
1420 1934 1546 1999 nullam
1571 1932 1681 1997 inve.

613 2065 708 2109 msse.

773 2302 843 2367 Rem
866 2300 945 2367 bocci
963 2300 1053 2387 sacti
1072 2299 1252 2389 poeniteres,
1279 2299 1513 2384 ucclocpoa'lacr.

447 2472 570 2537 merop.
660 2453 809 2541 Cumque
830 2472 889 2518 rex
918 2472 1010 2519 arma
1032 2450 1346 2537 moverecoepisset,
1368 2453 1403 2517 et
1432 2449 1528 2537 quasi
1549 2452 1843 2537 contrassog.wene.

445 2540 588 2671 {ffiff'
614 2556 747 2646 proprio
769 2555 894 2621 viscera
924 2576 1014 2621 more
1046 2554 1163 2621 furiosi
1197 2554 1363 2634 desaevire,
1387 2554 1481 2621 venit
1515 2552 1558 2619 ed
1588 2574 1684 2624 eum.
1703 2542 1742 2576 '¹¹'
1756 2532 1816 2577 ²⁰⁵²·

445 2680 605 2733 monetata,
615 2660 875 2749 archiepiscopus
897 2660 986 2747 apud
1007 2656 1043 2724 N
1044 2658 1282 2735 orhamtonem,
1297 2657 1418 2739 dicens,
1441 2679 1540 2745 quam
1562 2656 1665 2744 pluri-

447 2740 605 2857 {mmm
616 2786 708 2831 mum
729 2769 764 2829 et
786 2763 981 2849 quantocius
1002 2763 1048 2851 ,in
1082 2761 1238 2848 injuriam
1263 2763 1460 2829 sacramenti
1493 2762 1553 2842 sui,
1577 2760 1666 2847 quod

617 2869 653 2933 in
682 2866 891 2933 absolutione
922 2888 983 2931 sua
1012 2864 1225 2952 prestiterat,
1256 2864 1450 2943 redundare,
1480 2865 1509 2931 si
1542 2865 1665 2951 absque

612 2971 740 3056 judicio
774 2969 875 3037 curias
908 2991 979 3037 suae
1022 2973 1141 3035 contra
1183 2969 1382 3055 quempiam,¹
1423 2970 1547 3035 nedum
1590 2989 1685 3035 suos.

614 3075 765 3141 homines
787 3072 952 3161 geniales,¹
967 3072 1092 3139 bellum
1113 3077 1269 3138 moveret
1316 3073 1413 3153 Quod
1435 3072 1572 3139 audiens
1598 3092 1685 3149 rex„

615 3200 690 3244 cnm
712 3178 843 3266 ingenti
864 3177 1015 3263 strepitu,
1038 3176 1129 3241 vocis
1160 3175 1371 3257 exaltatione,
1395 3180 1430 3241 et
1458 3175 1686 3242 horribilium.

612 3282 877 3365 juramentorum
898 3278 1176 3365 multiplicatione
1197 3278 1377 3365 respondit,
1393 3278 1504 3345 dicens
1526 3283 1561 3344 et
1583 3277 1687 3345 affin.

616 3406 720 3464 mons,
742 3404 776 3449 se
809 3383 905 3470 regni
936 3380 1095 3468 negotia⁹
1126 3386 1261 3471 propter
1294 3381 1572 3469 archiepiscopum
1601 3403 1687 3451 non.

617 3486 757 3566 differre,
781 3506 856 3551 cum
878 3484 962 3550 laica
978 3483 1107 3570 judicia
1128 3484 1172 3550 ad
1195 3485 1304 3571 ipsum
1325 3507 1392 3551 non
1416 3485 1613 3572 pertineant.

678 3768 770 3836 Noto
789 3769 1011 3857 dilipentiooc
1035 3772 1289 3861 orclic'epa'scopc',
1317 3772 1502 3860 desipiente
1524 3796 1603 3861 copo.

451 3936 590 4000 Johnpre
665 3920 708 3985 In
745 3918 888 3985 crastino
931 3925 1044 3987 autem
1082 3944 1149 4001 rer,
1184 3944 1312 3989 summo
1350 3922 1504 4000 diluculo,
1542 3924 1669 3989 nullum
1681 3940 1844 4007 Regesne.

452 4005 572 4134 ζξζξῃῖὲ,
620 4023 790 4110 alloqucns
812 4024 871 4088 sed
904 4045 973 4110 prae
1006 4025 1057 4089 ira
1079 4026 1233 4113 turgidus
1264 4030 1298 4093 et
1332 4026 1425 4093 velut
1461 4027 1669 4109 furibundus,
1684 4086 1691 4099 .
1707 4009 1746 4060 iii.
1759 4017 1821 4065 ²⁰²·

452 4138 519 4187 ham.
622 4129 685 4194 iter
722 4126 882 4213 arripiens
914 4147 1029 4193 versus
1061 4128 1270 4215 Notingham
1307 4132 1507 4218 properavit.
1565 4132 1671 4213 Quem

452 4229 508 4279 The
519 4229 574 4292 sep.
622 4230 768 4295 modeste
789 4234 922 4295 secutus
941 4236 992 4296 est
1005 4231 1272 4321 archiepiscopus,
1289 4238 1477 4299 constanter
1499 4234 1672 4313 affirmans,

451 4297 554 4345 induces
567 4294 610 4344 the
782 4331 817 4347 ..
929 4333 936 4347 .
1040 4333 1047 4348 .
1186 4336 1193 4351 .
1326 4335 1334 4351 .
1661 4337 1669 4353 .

451 4363 553 4427 ningo
623 4333 719 4419 quod,
756 4354 821 4397 msa
853 4332 896 4397 ab
926 4338 1066 4420 inceptis
1099 4335 1236 4400 celemus
1266 4335 1447 4413 desisteret,
1470 4359 1591 4417 omnes,
1615 4360 1672 4425 qur

453 4430 512 4495 give
523 4427 611 4508 uphir
623 4458 736 4501 versus
758 4436 944 4522 quempiam
960 4442 1038 4501 onte
1060 4437 1299 4505 relaxationem
1316 4438 1483 4505 interdicti
1506 4442 1672 4507 hostiliter
1683 4460 1845 4527 Ropwasnd.

452 4502 595 4561 ‘mm'
622 4562 714 4604 anno
758 4545 936 4625 gestarent,
977 4545 1099 4627 praeter
1141 4542 1250 4627 ipsum
1297 4542 1411 4619 solum,
1450 4544 1671 4610 anathematis
1709 4529 1748 4582 iii.
1763 4538 1822 4585 ²⁶³·

621 4642 763 4706 vinculis
794 4643 977 4709 innodaret.
1022 4644 1142 4730 Sisque
1174 4645 1217 4709 ab
1248 4647 1386 4733 inceptis
1408 4646 1469 4712 vix
1492 4670 1601 4735 regem
1623 4670 1673 4713 re·

621 4766 750 4825 vocans,
773 4766 841 4811 non
855 4748 947 4833 prius
969 4746 1012 4811 ab
1035 4768 1073 4813 eo
1088 4748 1229 4828 recessit,
1252 4749 1354 4815 donec
1377 4750 1464 4816 diem
1488 4758 1673 4840 competen-

657 5000 664 5029 ¹
674 4996 794 5064 pericle]
812 4998 1006 5063 gerasenus.
1144 5000 1150 5068 Ι
1167 5056 1171 5065 ,
1202 5004 1332 5069 ²sepotia]
1351 5005 1467 5086 negocia,
1479 5006 1536 5059 MS.
