4242 6159
577 1083 642 1147 482
703 1097 871 1149 uersum
894 1097 1105 1152 rumsmusn
1128 1101 1292 1154 merome
1312 1101 1513 1156 suetonum

409 1415 478 1468 Μ).
493 1422 563 1469 1244.
697 1409 862 1498 Gciffious
884 1411 1013 1478 commit
1035 1411 1077 1478 dc
1099 1413 1193 1480 torri
1214 1413 1498 1486 maeatarum}

410 1574 507 1638 arian,
622 1562 669 1631 Et
701 1566 781 1632 dum
812 1567 885 1632 alea
916 1565 1091 1632 fortunalis
1122 1568 1285 1634 mundum
1315 1571 1361 1636 sio
1397 1571 1625 1660 prodigialiter

407 1642 539 1760 ffissfflf,
576 1669 729 1746 variaret
755 1669 920 1752 Griffinue,
944 1670 1032 1752 filius
1055 1669 1191 1751 Ieolini,
1218 1673 1375 1767 principis
1395 1675 1625 1746 Northwolliae

408 1749 530 1854 kilted'in
576 1773 824 1860 primogenitus,
839 1774 897 1861 qui
919 1773 957 1838 in
979 1774 1066 1838 turri
1089 1773 1337 1842 Londoniarum
1359 1779 1511 1865 captivus
1532 1785 1625 1848 tene·

409 1849 533 1974 ,ww
575 1875 683 1956 betur,
699 1876 779 1941 dum
802 1877 903 1942 taedio
922 1876 1075 1942 diuturni
1097 1877 1233 1944 carceris
1256 1878 1448 1960 afficeretur,
1464 1883 1625 1970 cogitavit

409 1977 473 2026 from
485 1978 528 2028 ‘¹¹0
577 2002 643 2044 una
673 1984 769 2046 nocte
801 1980 885 2046 elam
917 1979 1134 2046 custodibus²
1156 1982 1303 2050 evadere
1348 1983 1395 2049 Et
1425 1985 1513 2065 dum,
1536 1986 1625 2054 furto

410 2043 507 2096 Tower.
576 2083 676 2168 longe
690 2087 775 2148 reste
791 2083 832 2148 de
848 2081 1146 2163 lintheaminibus,³
1159 2107 1231 2151 sese
1245 2107 1304 2172 per
1316 2087 1436 2152 turrim
1450 2110 1471 2153 a
1481 2089 1625 2156 fenestra

576 2187 734 2252 voluisset
766 2186 950 2267 demittere,
973 2192 1073 2275 rupto
1096 2187 1183 2267 fune,
1210 2190 1342 2256 corruit.
1388 2190 1470 2256 Erat
1503 2193 1624 2281 quippe

576 2311 716 2377 magnus
749 2295 784 2357 et
806 2291 1005 2378 ponderosus
1028 2290 1134 2368 valde,
1157 2297 1191 2357 et
1220 2293 1275 2370 eie,
1297 2293 1410 2360 fractis
1432 2296 1622 2373 cervicibus,

428 2401 551 2456 lMarch.
575 2393 807 2460 miserabiliter
830 2393 1008 2490 expiravit,
1031 2393 1139 2480 primo
1160 2395 1215 2460 die
1238 2394 1363 2462 Martii.

775 2683 890 2750 David
913 2683 960 2748 aci
982 2683 1104 2749 einum
1122 2705 1224 2771 popoe
1248 2686 1423 2774 consopit!

407 2835 502 2954 grin&
620 2842 838 2930 Temporibus
870 2863 998 2928 quoque
1031 2840 1093 2906 sub
1124 2841 1247 2908 eisdem
1278 2842 1398 2923 David,
1423 2849 1624 2935 comperiens

408 2919 509 3036 reblam
524 2971 563 3022 his
576 2947 664 3033 quod
687 2946 790 3012 frater
813 2945 884 3032 ejus
907 2943 1075 3025 Griffinus,
1097 2946 1297 3012 strenuitate
1319 2949 1515 3035 pmoellens,
1539 2953 1625 3017 mul-

407 3037 514 3154 }'ffiz
575 3056 686 3116 torum
723 3049 910 3136 principum
945 3047 1098 3113 walliae⁵
1132 3047 1197 3113 sibi
1229 3051 1373 3135 gretiam
1410 3061 1622 3140 compararet,

408 3170 530 3224 mansor
575 3153 719 3233 invidit;
750 3174 827 3217 nom
860 3151 897 3215 in
931 3149 1033 3214 oculis
1064 3150 1206 3236 propriis
1229 3151 1303 3229 sibi,
1329 3175 1388 3240 pro
1411 3176 1449 3220 eo
1472 3157 1559 3242 quod
1581 3158 1622 3223 de

408 3237 505 3304 fleury.
575 3258 677 3344 stirpe
699 3257 790 3342 regia
812 3257 1045 3344 procrearetur,
1064 3252 1221 3339 [mojor]⁰
1236 3255 1421 3322 videbatur.
1453 3259 1624 3346 Cogitavit

575 3361 685 3448 igitur,
701 3361 798 3446 quod,
818 3359 854 3422 in
877 3355 1038 3422 ultionem
1060 3356 1184 3438 fratris,
1207 3357 1260 3422 vel
1282 3360 1325 3424 ad
1347 3361 1498 3450 papalem
1514 3363 1623 3430 defen-

574 3465 699 3528 sionem
722 3465 912 3540 recurreret,
935 3463 974 3524 ut
996 3457 1176 3524 Walliom⁷
1198 3461 1239 3526 de
1262 3461 1396 3527 eeclesia
1417 3468 1554 3545 teneret,
1569 3467 1623 3532 vel

574 3567 618 3632 ad
652 3568 762 3632 sinum
796 3563 922 3631 domini
954 3561 1041 3650 regis
1075 3562 1215 3650 Angliae,
1239 3565 1396 3632 avunculi
1422 3567 1484 3648 sui,
1506 3568 1622 3635 fiduci-

573 3668 692 3736 aliter³
715 3667 971 3734 misericordiam
996 3664 1161 3751 petiturus
1191 3667 1349 3732 avolaret.
1394 3667 1469 3748 Sed,
1492 3670 1622 3738 libratis

574 3777 714 3860 utroque
737 3770 899 3860 periculis,
923 3767 1031 3832 tutius
1052 3767 1084 3832 ei
1115 3769 1252 3834 tandem
1274 3769 1461 3850 videbatur,
1484 3771 1621 3841 fratrem

574 3897 679 3957 suum,
704 3875 782 3963 quia
803 3896 870 3941 non
892 3871 1070 3949 uterinum,
1085 3871 1196 3958 aliquo
1218 3872 1294 3938 dolo
1316 3872 1559 3956 circumvenire,
1581 3883 1622 3945 ut

606 4149 612 4179 ¹
632 4149 663 4198 In
687 4149 730 4198 the
752 4147 851 4212 margin
874 4146 896 4196 is
919 4161 935 4196 u
958 4145 1073 4210 drawing
1153 4147 1163 4176 ⁴
1179 4143 1242 4193 Part
1258 4142 1287 4192 of
1300 4141 1351 4193 this
1367 4147 1452 4196 rubrio
1472 4147 1495 4196 is
1513 4150 1622 4199 covered

572 4229 745 4294 representing
755 4228 798 4278 the
809 4227 895 4292 prince
905 4226 998 4292 falling
1006 4225 1071 4275 from
1120 4239 1181 4275 over
1190 4225 1225 4288 by
1237 4238 1253 4272 a
1263 4221 1334 4286 pieoe
1344 4225 1375 4274 os
1381 4225 1483 4287 vellum,
1491 4241 1526 4276 on
1534 4227 1621 4277 which

572 4310 614 4358 the
632 4308 723 4358 Tover
742 4305 796 4357 into
815 4306 857 4357 the
873 4306 947 4357 river.
983 4305 1072 4357 Above
1120 4305 1163 4356 the
1179 4310 1234 4354 text
1253 4301 1348 4353 orthio
1368 4304 1472 4370 chapter
1491 4305 1538 4356 hae
1557 4308 1621 4358 been

572 4389 688 4440 hisheud
705 4389 728 4438 is
744 4385 878 4446 inscribed,
893 4389 908 4414 “
921 4384 1072 4449 Grijyinml’
1119 4384 1268 4445 revritten;
1291 4385 1342 4435 aud
1370 4386 1412 4436 the
1439 4386 1525 4436 rubrio
1553 4386 1625 4438 iteels

571 4470 599 4518 in
627 4469 682 4528 τεᾶς
712 4469 762 4518 and
793 4469 872 4517 above
905 4465 948 4515 the
973 4464 1071 4524 Tower,
1119 4466 1179 4515 does
1206 4471 1252 4514 not
1273 4479 1348 4528 agree
1369 4465 1432 4515 with
1454 4465 1498 4514 the
1520 4475 1621 4530 present

572 4551 587 4578 ·‘
603 4548 692 4598 Turris
702 4543 905 4598 Lonciom'mocn!¹
1118 4551 1183 4606 text,
1194 4546 1241 4596 but
1251 4545 1313 4595 with
1329 4544 1373 4596 the
1389 4551 1445 4595 text
1460 4559 1489 4596 aa
1504 4544 1525 4596 it
1540 4547 1620 4612 origi·

604 4625 782 4690 ²custoditm]
806 4625 837 4674 Iu
860 4623 903 4675 the
925 4624 1025 4689 margin
1047 4625 1071 4673 ie
1120 4625 1282 4690 neuynooe

571 4707 671 4759 written
688 4705 780 4757 witha
797 4705 918 4769 plummet
935 4701 1071 4752 dormienti-
1152 4705 1163 4734 ⁸
1183 4702 1293 4771 waste]
1312 4704 1405 4764 Vellie,
1418 4703 1476 4755 MS.

572 4787 623 4848 bus,
641 4789 687 4836 but
705 4801 740 4836 no
757 4783 830 4834 mark
853 4785 884 4834 of
901 4781 1028 4833 reference
1049 4782 1072 4832 is
1151 4784 1268 4851 “mejod
1300 4783 1421 4850 Supplied
1448 4790 1475 4835 to
1498 4785 1620 4850 complete

571 4866 816 4918 addedinthetext
1119 4861 1162 4913 the
1173 4877 1251 4914 sense

603 4943 836 5010 'lintheaminitufl
868 4943 1070 5005 lintheminibus‚
1151 4944 1161 4971 ⁷
1183 4941 1311 5010 wollent]
1331 4942 1521 5005 victumne.

570 5025 627 5076 MS.
1151 5021 1338 5089 ’fiducialited
1357 5023 1508 5085 fidicialiter,
1518 5023 1575 5074 MS.
