4242 6159
589 1056 654 1117 124
728 1066 895 1117 00000οΙ
917 1064 1133 1118 remmus
1154 1066 1319 1116 ursmari
1340 1066 1542 1117 00000000.

421 1255 490 1306 AD.
504 1259 576 1307 1210.
588 1244 709 1331 putati,
733 1243 907 1309 durissime
938 1264 977 1308 ac
998 1242 1170 1323 difinsime,
1188 1242 1329 1327 jubente
1349 1265 1435 1331 rege,
1458 1243 1546 1309 fame
1566 1264 1660 1309 cum.

587 1345 699 1412 dolore
721 1346 898 1433 pericnmt.
943 1345 1047 1432 Cujus
1069 1345 1191 1412 doloris
1213 1345 1320 1424 series,
1343 1346 1372 1411 si
1394 1345 1662 1426 describeretur„

587 1450 738 1515 lacrimas
760 1454 949 1517 executeret
971 1447 1094 1515 etiam¹
1118 1448 1340 1514 barbarorum.

660 1737 705 1805 Ut
728 1758 788 1804 occ
810 1737 840 1802 J
842 1736 1022 1825 [0000000]
1052 1734 1217 1803 Watcaacs
1238 1732 1308 1801 cibi
1329 1734 1571 1823 matjapooerit.

419 1906 487 1957 00.
502 1909 576 1955 100.
632 1886 732 1952 Anno
746 1886 865 1975 gratiae
886 1899 1068 1953 uaccam
1084 1906 1143 1951 rex
1158 1885 1182 1950 J
1184 1884 1358 1973 [ohannes]
1375 1884 1442 1952 fuit
1458 1884 1501 1950 ad
1516 1884 1638 1950 Natalc
1650 1888 1843 1955 Boo-wenc.

419 1999 576 2076 Johpkoepa
588 1988 726 2055 Domini
749 1988 840 2077 apud
862 1987 1056 2067 Eboracum,
1079 1987 1300 2074 praesentibus
1323 1988 1501 2054 comitibus
1523 1992 1558 2053 00
1580 1987 1639 2053 ba-

419 2067 561 2183 Q?
587 2091 724 2158 ronibus
744 2092 847 2179 regni
892 2089 966 2170 Quo
981 2092 1082 2156 ctiam
1106 2112 1192 2155 anno
1216 2090 1306 2155 idem
1321 2112 1381 2155 rex
1395 2091 1484 2178 apud
1499 2089 1639 2155 Album·

1675 1956 1714 2007 iii.
1726 1964 1803 2010 235.

418 2194 835 2287 naupramonasterium,
857 2214 978 2279 magno
1002 2193 1150 2259 exercitu
1173 2198 1380 2281 congregato,
1403 2194 1568 2280 profectus
1590 2197 1643 2271 est

417 2293 539 2410 ‘pezium
589 2298 627 2362 in
648 2296 805 2363 Walliam
826 2296 910 2361 viiio.
932 2295 1008 2360 idus
1028 2295 1135 2377 Julii;
1168 2295 1228 2361 ubi
1260 2296 1514 2362 infortitudine
1544 2294 1639 2383 gravi

449 2374 548 2511 ὦ.
589 2399 720 2466 Waliiae
754 2399 913 2464 interiora
948 2398 1160 2486 perlustrans,
1196 2398 1239 2464 ad
1272 2397 1488 2464 Snaudunam
1526 2419 1639 2485 usque,

587 2502 687 2568 obvia
717 2501 781 2567 sibi
814 2523 963 2588 quaequae
992 2502 1199 2581 conterendo,
1232 2504 1430 2589 penetravit.
1476 2500 1582 2588 Reges
1604 2504 1638 2565 00

588 2625 701 2670 omnes
722 2604 849 2670 nobiles
869 2604 932 2670 sibi
954 2604 1026 2669 sine
1049 2604 1309 2671 contradictione
1331 2605 1534 2693 subjugavit,
1556 2602 1659 2669 acci.

586 2707 680 2795 piens
703 2708 831 2774 obsides
853 2728 896 2773 ex
919 2707 1052 2785 eisdem,
1067 2706 1246 2795 exquibus
1268 2704 1348 2774 xxii.
1367 2714 1402 2773 00
1416 2707 1502 2772 viii0.
1523 2711 1658 2793 postea.

586 2810 743 2897 suspendi
768 2810 839 2875 sine
863 2809 1087 2875 misericordia
1109 2810 1272 2898 praecepit.
1329 2810 1378 2876 Ac
1413 2810 1530 2875 deinde
1563 2830 1657 2875 oum.

586 2913 802 3000 prosperitate
825 2912 869 2978 ad
890 2917 1009 2979 votum
1030 2912 1248 2999 triumphans,
1271 2914 1315 2978 ad
1337 2913 1659 2979 Album-monaste.

441 3035 472 3081 15
483 3030 553 3095 Aug.
586 3016 676 3080 rium
697 3016 866 3096 remeavit,
894 3015 948 3081 die
970 3016 1217 3103 Assumptionis
1239 3015 1346 3081 beatae
1369 3016 1490 3080 Mariae.
1537 3014 1639 3080 Veni-

417 3124 459 3175 He
470 3130 548 3211 moen
588 3140 711 3205 ensque
724 3117 813 3205 apud
825 3118 859 3183 N
860 3118 1098 3197 orhamtonam,
1112 3118 1250 3183 nuncios
1265 3117 1392 3184 domini
1407 3139 1501 3203 papae
1515 3116 1638 3182 ibidem

287 3230 291 3239 '
416 3191 555 3309 ffigfflff
589 3244 662 3287 cum
696 3222 863 3287 mandatis
891 3220 1077 3308 apostolicis
1107 3221 1221 3286 obvios
1251 3220 1376 3298 habuit,
1405 3218 1638 3307 Panduiphum

416 3341 482 3391 0θο
493 3324 551 3374 '¹1⁰
587 3324 742 3391 videlioet
763 3324 1001 3389 subdiaconum
1021 3327 1057 3388 00
1080 3322 1205 3387 domini
1239 3344 1334 3411 papae
1367 3322 1571 3399 familiarem,
1601 3342 1657 3387 ac.

415 3394 560 3524 {siff
587 3427 629 3493 0
650 3427 774 3492 mutia
787 3424 916 3512 rampo
936 3424 1074 3490 sacrem
1089 3422 1295 3503 omasum,
1318 3425 1376 3511 qui
1399 3425 1442 3491 aa
1463 3425 1525 3491 hoc
1539 3437 1827 3517 vene-agnai„

416 3528 567 3644 mmm·
587 3534 677 3611 runt‚
699 3536 739 3595 00
761 3550 874 3615 pacem
905 3528 994 3594 inter
1021 3550 1161 3615 regnum
1188 3533 1223 3593 00
1244 3529 1460 3594 sacmdotium
1484 3529 1640 3594 reforma·
1678 3506 1717 3561 iu
1730 3516 1799 3565 ²³⁶·

417 3610 471 3710 ibin
482 3622 544 3710 witi
586 3636 671 3697 rent.
716 3632 791 3697 Rex
823 3633 936 3695 autem
966 3630 1010 3695 ad
1040 3629 1305 3696 exhortationem
1335 3632 1532 3703 nunciorum
1562 3652 1639 3719 grae

416 3727 574 3816 messuras.
587 3738 698 3800 tanter
735 3733 900 3810 concessit
940 3737 981 3798 ut
1019 3731 1280 3821 archiepiscopus
1317 3732 1566 3800 cantuariensis
1603 3736 1639 3798 et

586 3836 747 3915 monachi,
774 3840 875 3922 atque
905 3856 1018 3901 omnes
1049 3835 1194 3923 episcopi
1228 3835 1271 3901 ab
1297 3834 1423 3923 Anglia
1453 3836 1636 3923 proscripti,

586 3964 661 4007 cum
693 3961 774 4027 pace
810 3960 871 4003 sua
905 3938 948 4003 ad
979 3939 1110 4025 propria
1144 3944 1353 4019 remearent;
1376 3940 1450 4015 'sed
1484 3941 1563 4026 quia
1596 3938 1637 4005 de

585 4043 739 4132 dampnis
761 4046 795 4108 et
817 4064 930 4109 eorum
962 4041 1057 4107 bonis
1090 4040 1274 4107 confiscatis
1305 4064 1366 4105 rex
1394 4041 1636 4129 archiepiscopo

585 4151 620 4212 et
642 4146 801 4234 episcopis
831 4144 941 4211 noluit
974 4142 1171 4222 satisfacere,
1195 4143 1320 4222 nuncii,
1343 4142 1463 4209 infecto
1493 4144 1635 4231 negotio,

417 4265 565 4332 000ον00
584 4250 627 4314 ad
651 4249 777 4315 Gallias
797 4248 975 4314 redierunt.
1020 4246 1094 4327 Quo
1117 4246 1213 4328 facto,
1229 4266 1290 4311 rex
1313 4246 1400 4333 cepit
1422 4268 1443 4310 a
1464 4245 1634 4323 militibus,

413 4349 643 4466 fflfflqui
664 4352 825 4419 exercitui
849 4351 888 4416 in
909 4350 1032 4416 Waliia
1065 4370 1133 4414 non
1163 4350 1396 4426 interfuerunt,
1420 4348 1461 4413 de
1488 4348 1636 4435 quolibet

417 4479 542 4530 Dauos
584 4459 676 4521 scuto
694 4455 777 4521 duas
797 4475 932 4519 marcas.
977 4451 1168 4539 Eodemque
1190 4473 1278 4518 anno
1310 4453 1364 4518 vir
1385 4450 1506 4517 nobilis
1529 4451 1635 4539 Roge-

281 4574 286 4587 ·
416 4547 545 4664 me
582 4580 648 4639 rus,
672 4540 854 4624 estiensis
876 4554 1149 4636 0000000οι0,
1172 4556 1278 4620 viam
1300 4554 1420 4619 000.

416 4680 565 4732 oschester.
667 4732 822 4737 ...-
834 4731 921 4736 -,,,
947 4728 1165 4735 ‚-.—*

950 4822 957 4851 ¹
969 4820 1056 4887 edon]
1074 4834 1108 4869 on
1119 4833 1153 4869 an
1164 4833 1272 4869 erasure.
