<?xml version="1.0" encoding="UTF-8"?>
<!DOCTYPE html PUBLIC "-//W3C//DTD XHTML 1.0 Transitional//EN"
    "http://www.w3.org/TR/xhtml1/DTD/xhtml1-transitional.dtd">
<html xmlns="http://www.w3.org/1999/xhtml" xml:lang="en" lang="en">
 <head>
  <title>
</title>
<meta http-equiv="Content-Type" content="text/html;charset=utf-8" />
  <meta name='ocr-system' content='tesseract 3.04.00' />
  <meta name='ocr-capabilities' content='ocr_page ocr_carea ocr_par ocr_line ocrx_word'/>
</head>
<body>
  <div class='ocr_page' id='page_1' title='image "./matthiparisiens04parigoog_0042.png"; bbox 0 0 4242 6159; ppageno 0'>
   <div class='ocr_carea' id='block_1_1' title="bbox 596 987 1538 1048">
    <p class='ocr_par' dir='ltr' id='par_1_1' title="bbox 596 987 1538 1048">
     <span class='ocr_line' id='line_1_1' title="bbox 596 987 1538 1048; baseline -0.006 -1"><span class='ocrx_word' id='word_1_1' title='bbox 596 987 638 1048; x_wconf 73' lang='lat'>24</span> <span class='ocrx_word' id='word_1_2' title='bbox 730 997 896 1047; x_wconf 70' lang='lat' dir='ltr'>aramum</span> <span class='ocrx_word' id='word_1_3' title='bbox 917 993 1129 1048; x_wconf 73' lang='lat' dir='ltr'>ranrsrsums</span> <span class='ocrx_word' id='word_1_4' title='bbox 1151 995 1315 1046; x_wconf 79' lang='lat' dir='ltr'>maroam</span> <span class='ocrx_word' id='word_1_5' title='bbox 1337 994 1538 1044; x_wconf 71' lang='lat' dir='ltr'>suanorum.</span> 
     </span>
    </p>
   </div>
   <div class='ocr_carea' id='block_1_2' title="bbox 429 1169 1642 1342">
    <p class='ocr_par' dir='ltr' id='par_1_2' title="bbox 429 1169 1642 1342">
     <span class='ocr_line' id='line_1_2' title="bbox 429 1169 1642 1260; baseline -0.004 -25"><span class='ocrx_word' id='word_1_6' title='bbox 429 1184 498 1235; x_wconf 74' lang='lat' dir='ltr'>aa.</span> <span class='ocrx_word' id='word_1_7' title='bbox 513 1178 760 1238; x_wconf 73' lang='lat' dir='ltr'>umtrecentos</span> <span class='ocrx_word' id='word_1_8' title='bbox 780 1175 937 1260; x_wconf 64' lang='lat' dir='ltr'>praecepit</span> <span class='ocrx_word' id='word_1_9' title='bbox 959 1195 1017 1238; x_wconf 85' lang='lat' dir='ltr'>rex</span> <span class='ocrx_word' id='word_1_10' title='bbox 1043 1173 1079 1238; x_wconf 92' lang='lat' dir='ltr'>in</span> <span class='ocrx_word' id='word_1_11' title='bbox 1110 1171 1194 1238; x_wconf 90' lang='lat' dir='ltr'>mari</span> <span class='ocrx_word' id='word_1_12' title='bbox 1224 1171 1400 1258; x_wconf 72' lang='lat' dir='ltr'><strong>submergi,</strong></span> <span class='ocrx_word' id='word_1_13' title='bbox 1427 1175 1462 1236; x_wconf 88' lang='lat' dir='ltr'>et</span> <span class='ocrx_word' id='word_1_14' title='bbox 1484 1169 1642 1234; x_wconf 85' lang='lat' dir='ltr'>ducentos</span> 
     </span>
     <span class='ocr_line' id='line_1_3' title="bbox 598 1277 1156 1342; baseline -0.004 0"><span class='ocrx_word' id='word_1_15' title='bbox 598 1278 693 1342; x_wconf 88' lang='lat' dir='ltr'>vivos</span> <span class='ocrx_word' id='word_1_16' title='bbox 713 1277 759 1342; x_wconf 85' lang='lat' dir='ltr'>ad</span> <span class='ocrx_word' id='word_1_17' title='bbox 780 1277 944 1342; x_wconf 86' lang='lat' dir='ltr'>cautelam</span> <span class='ocrx_word' id='word_1_18' title='bbox 966 1277 1156 1342; x_wconf 78' lang='lat' dir='ltr'><strong>reservavit.</strong></span> 
     </span>
    </p>
   </div>
   <div class='ocr_carea' id='block_1_3' title="bbox 604 1614 1643 1789">
    <p class='ocr_par' dir='ltr' id='par_1_3' title="bbox 604 1614 1643 1789">
     <span class='ocr_line' id='line_1_4' title="bbox 604 1614 1643 1708; baseline 0 -24"><span class='ocrx_word' id='word_1_19' title='bbox 604 1615 649 1685; x_wconf 79' lang='lat' dir='ltr'>Ut</span> <span class='ocrx_word' id='word_1_20' title='bbox 671 1642 728 1686; x_wconf 75' lang='lat' dir='ltr'>aar</span> <span class='ocrx_word' id='word_1_21' title='bbox 753 1617 928 1687; x_wconf 76' lang='lat' dir='ltr'>Ricurclas</span> <span class='ocrx_word' id='word_1_22' title='bbox 951 1618 1050 1708; x_wconf 69' lang='lat' dir='ltr'>(prad</span> <span class='ocrx_word' id='word_1_23' title='bbox 1076 1617 1196 1688; x_wconf 66' lang='lat' dir='ltr'>Aelana</span> <span class='ocrx_word' id='word_1_24' title='bbox 1216 1615 1433 1704; x_wconf 69' lang='lat' dir='ltr'>applicuerit,</span> <span class='ocrx_word' id='word_1_25' title='bbox 1452 1623 1480 1681; x_wconf 80' lang='lat' dir='ltr'>ct</span> <span class='ocrx_word' id='word_1_26' title='bbox 1504 1614 1544 1682; x_wconf 85' lang='lat' dir='ltr'>‹lc</span> <span class='ocrx_word' id='word_1_27' title='bbox 1568 1636 1643 1702; x_wconf 79' lang='lat' dir='ltr'>cap-</span> 
     </span>
     <span class='ocr_line' id='line_1_5' title="bbox 1011 1719 1231 1789; baseline -0.014 -1"><span class='ocrx_word' id='word_1_28' title='bbox 1011 1722 1103 1789; x_wconf 81' lang='lat' dir='ltr'>tione</span> <span class='ocrx_word' id='word_1_29' title='bbox 1125 1719 1231 1787; x_wconf 76' lang='lat' dir='ltr'>urbis.</span> 
     </span>
    </p>
   </div>
   <div class='ocr_carea' id='block_1_4' title="bbox 432 1881 1831 4648">
    <p class='ocr_par' dir='ltr' id='par_1_4' title="bbox 432 1881 1831 4648">
     <span class='ocr_line' id='line_1_6' title="bbox 433 1881 1830 1975; baseline -0.007 -23"><span class='ocrx_word' id='word_1_30' title='bbox 433 1902 545 1953; x_wconf 66' lang='lat' dir='ltr'>lercham</span> <span class='ocrx_word' id='word_1_31' title='bbox 647 1885 721 1953; x_wconf 83' lang='lat' dir='ltr'>Rex</span> <span class='ocrx_word' id='word_1_32' title='bbox 743 1887 857 1975; x_wconf 72' lang='lat' dir='ltr'>italae</span> <span class='ocrx_word' id='word_1_33' title='bbox 888 1887 1049 1953; x_wconf 86' lang='lat' dir='ltr'>Ricardus</span> <span class='ocrx_word' id='word_1_34' title='bbox 1076 1886 1278 1974; x_wconf 86' lang='lat' dir='ltr'>magnificus,</span> <span class='ocrx_word' id='word_1_35' title='bbox 1304 1907 1379 1951; x_wconf 87' lang='lat' dir='ltr'>omn</span> <span class='ocrx_word' id='word_1_36' title='bbox 1406 1883 1510 1972; x_wconf 85' lang='lat' dir='ltr'>spdlia</span> <span class='ocrx_word' id='word_1_37' title='bbox 1539 1881 1643 1960; x_wconf 87' lang='lat' dir='ltr'>navis,</span> <span class='ocrx_word' id='word_1_38' title='bbox 1657 1891 1830 1970; x_wconf 52' lang='lat' dir='ltr'>Rogamus.</span> 
     </span>
     <span class='ocr_line' id='line_1_7' title="bbox 432 1967 1789 2086; baseline -0.005 -31"><span class='ocrx_word' id='word_1_39' title='bbox 432 1971 541 2086; x_wconf 31' lang='lat' dir='ltr'>&#39;&#39;m“</span> <span class='ocrx_word' id='word_1_40' title='bbox 602 1989 771 2071; x_wconf 79' lang='lat' dir='ltr'>exhausta,</span> <span class='ocrx_word' id='word_1_41' title='bbox 795 1997 836 2058; x_wconf 91' lang='lat' dir='ltr'>ut</span> <span class='ocrx_word' id='word_1_42' title='bbox 858 1992 979 2078; x_wconf 88' lang='lat' dir='ltr'>potuit,</span> <span class='ocrx_word' id='word_1_43' title='bbox 1002 2013 1097 2076; x_wconf 86' lang='lat' dir='ltr'>aqua,</span> <span class='ocrx_word' id='word_1_44' title='bbox 1114 1987 1349 2076; x_wconf 86' lang='lat' dir='ltr'>[collegisset]‚¹</span> <span class='ocrx_word' id='word_1_45' title='bbox 1374 2008 1528 2074; x_wconf 87' lang='lat' dir='ltr'>prospero</span> <span class='ocrx_word' id='word_1_46' title='bbox 1550 2006 1663 2055; x_wconf 87' lang='lat' dir='ltr'>cursu,</span> <span class='ocrx_word' id='word_1_47' title='bbox 1690 1975 1729 2012; x_wconf 83' lang='lat'><strong>¹¹¹·</strong></span> <span class='ocrx_word' id='word_1_48' title='bbox 1742 1967 1789 2010; x_wconf 81' lang='lat'>⁴¹·</span> 
     </span>
     <span class='ocr_line' id='line_1_8' title="bbox 433 2073 1647 2181; baseline 0.002 -31"><span class='ocrx_word' id='word_1_49' title='bbox 433 2073 550 2181; x_wconf 54' lang='lat' dir='ltr'>aureliis</span> <span class='ocrx_word' id='word_1_50' title='bbox 602 2093 645 2158; x_wconf 88' lang='lat' dir='ltr'>ad</span> <span class='ocrx_word' id='word_1_51' title='bbox 666 2099 800 2180; x_wconf 90' lang='lat' dir='ltr'>portum</span> <span class='ocrx_word' id='word_1_52' title='bbox 815 2093 1053 2171; x_wconf 85' lang='lat' dir='ltr'>Achonensem‚</span> <span class='ocrx_word' id='word_1_53' title='bbox 1077 2115 1143 2179; x_wconf 87' lang='lat' dir='ltr'>quo</span> <span class='ocrx_word' id='word_1_54' title='bbox 1167 2091 1335 2170; x_wconf 86' lang='lat' dir='ltr'>tendebat,</span> <span class='ocrx_word' id='word_1_55' title='bbox 1360 2088 1647 2178; x_wconf 73' lang='lat' dir='ltr'>appropinquavit.</span> 
     </span>
     <span class='ocr_line' id='line_1_9' title="bbox 433 2171 1645 2282; baseline -0.006 -21"><span class='ocrx_word' id='word_1_56' title='bbox 433 2171 558 2234; x_wconf 69' lang='lat' dir='ltr'>besieged.</span> <span class='ocrx_word' id='word_1_57' title='bbox 602 2196 754 2282; x_wconf 90' lang='lat' dir='ltr'>Denique</span> <span class='ocrx_word' id='word_1_58' title='bbox 769 2197 828 2264; x_wconf 78' lang='lat' dir='ltr'>vio.</span> <span class='ocrx_word' id='word_1_59' title='bbox 843 2195 919 2262; x_wconf 91' lang='lat' dir='ltr'>idus</span> <span class='ocrx_word' id='word_1_60' title='bbox 934 2197 958 2262; x_wconf 87' lang='lat' dir='ltr'><strong>J</strong></span> <span class='ocrx_word' id='word_1_61' title='bbox 960 2196 1031 2261; x_wconf 88' lang='lat' dir='ltr'>unii</span> <span class='ocrx_word' id='word_1_62' title='bbox 1054 2217 1129 2282; x_wconf 85' lang='lat' dir='ltr'>rege</span> <span class='ocrx_word' id='word_1_63' title='bbox 1158 2200 1291 2282; x_wconf 90' lang='lat' dir='ltr'>portum</span> <span class='ocrx_word' id='word_1_64' title='bbox 1315 2193 1472 2272; x_wconf 74' lang='lat' dir='ltr'>intrante,</span> <span class='ocrx_word' id='word_1_65' title='bbox 1488 2191 1645 2258; x_wconf 89' lang='lat' dir='ltr'>lituorum</span> 
     </span>
     <span class='ocr_line' id='line_1_10' title="bbox 457 2263 1648 2386; baseline -0.006 -21"><span class='ocrx_word' id='word_1_66' title='bbox 457 2263 560 2315; x_wconf 53' lang='grc' dir='ltr'>ΗΜ</span> <span class='ocrx_word' id='word_1_67' title='bbox 601 2299 732 2379; x_wconf 86' lang='lat' dir='ltr'>stridor,</span> <span class='ocrx_word' id='word_1_68' title='bbox 748 2299 882 2386; x_wconf 82' lang='lat' dir='ltr'>clangor</span> <span class='ocrx_word' id='word_1_69' title='bbox 896 2299 1062 2378; x_wconf 88' lang='lat' dir='ltr'>tubarum,</span> <span class='ocrx_word' id='word_1_70' title='bbox 1079 2299 1237 2386; x_wconf 86' lang='lat' dir='ltr'>strepitus</span> <span class='ocrx_word' id='word_1_71' title='bbox 1257 2296 1459 2363; x_wconf 83' lang='lat' dir='ltr'>cornicinum</span> <span class='ocrx_word' id='word_1_72' title='bbox 1480 2293 1648 2360; x_wconf 88' lang='lat' dir='ltr'>horribilis</span> 
     </span>
     <span class='ocr_line' id='line_1_11' title="bbox 599 2397 1648 2490; baseline -0.006 -24"><span class='ocrx_word' id='word_1_73' title='bbox 599 2401 701 2467; x_wconf 90' lang='lat' dir='ltr'>litora</span> <span class='ocrx_word' id='word_1_74' title='bbox 732 2403 949 2490; x_wconf 87' lang='lat' dir='ltr'>repleverunt,</span> <span class='ocrx_word' id='word_1_75' title='bbox 980 2407 1134 2488; x_wconf 87' lang='lat' dir='ltr'>terraque</span> <span class='ocrx_word' id='word_1_76' title='bbox 1164 2423 1223 2488; x_wconf 84' lang='lat' dir='ltr'>per</span> <span class='ocrx_word' id='word_1_77' title='bbox 1257 2399 1431 2466; x_wconf 89' lang='lat' dir='ltr'>circuitum</span> <span class='ocrx_word' id='word_1_78' title='bbox 1464 2397 1648 2464; x_wconf 88' lang='lat' dir='ltr'>resonabat.</span> 
     </span>
     <span class='ocr_line' id='line_1_12' title="bbox 602 2500 1668 2592; baseline -0.006 -23"><span class='ocrx_word' id='word_1_79' title='bbox 602 2503 699 2584; x_wconf 75' lang='lat' dir='ltr'>Quod</span> <span class='ocrx_word' id='word_1_80' title='bbox 723 2510 827 2584; x_wconf 87' lang='lat' dir='ltr'>caute,</span> <span class='ocrx_word' id='word_1_81' title='bbox 851 2527 919 2572; x_wconf 92' lang='lat' dir='ltr'>non</span> <span class='ocrx_word' id='word_1_82' title='bbox 942 2527 1000 2592; x_wconf 90' lang='lat' dir='ltr'>por</span> <span class='ocrx_word' id='word_1_83' title='bbox 1022 2504 1209 2592; x_wconf 82' lang='lat' dir='ltr'>superbiam</span> <span class='ocrx_word' id='word_1_84' title='bbox 1233 2505 1358 2570; x_wconf 86' lang='lat' dir='ltr'>factum</span> <span class='ocrx_word' id='word_1_85' title='bbox 1383 2509 1441 2580; x_wconf 85' lang='lat' dir='ltr'>est,</span> <span class='ocrx_word' id='word_1_86' title='bbox 1465 2500 1545 2567; x_wconf 72' lang='lat' dir='ltr'>sed’2</span> <span class='ocrx_word' id='word_1_87' title='bbox 1560 2505 1599 2565; x_wconf 92' lang='lat' dir='ltr'>ut</span> <span class='ocrx_word' id='word_1_88' title='bbox 1613 2504 1668 2564; x_wconf 89' lang='lat' dir='ltr'>et.</span> 
     </span>
     <span class='ocr_line' id='line_1_13' title="bbox 602 2602 1649 2684; baseline -0.007 -11"><span class='ocrx_word' id='word_1_89' title='bbox 602 2607 810 2673; x_wconf 85' lang='lat' dir='ltr'>Christianos</span> <span class='ocrx_word' id='word_1_90' title='bbox 833 2609 997 2674; x_wconf 87' lang='lat' dir='ltr'>animaret</span> <span class='ocrx_word' id='word_1_91' title='bbox 1024 2615 1059 2672; x_wconf 89' lang='lat' dir='ltr'>et</span> <span class='ocrx_word' id='word_1_92' title='bbox 1084 2607 1294 2684; x_wconf 82' lang='lat' dir='ltr'>confortaret,</span> <span class='ocrx_word' id='word_1_93' title='bbox 1318 2611 1353 2672; x_wconf 89' lang='lat' dir='ltr'>et</span> <span class='ocrx_word' id='word_1_94' title='bbox 1375 2608 1515 2670; x_wconf 87' lang='lat' dir='ltr'>terreret</span> <span class='ocrx_word' id='word_1_95' title='bbox 1540 2602 1649 2668; x_wconf 91' lang='lat' dir='ltr'>inimi-</span> 
     </span>
     <span class='ocr_line' id='line_1_14' title="bbox 601 2705 1667 2796; baseline -0.007 -20"><span class='ocrx_word' id='word_1_96' title='bbox 601 2733 663 2776; x_wconf 88' lang='lat' dir='ltr'>cos.</span> <span class='ocrx_word' id='word_1_97' title='bbox 719 2709 796 2776; x_wconf 90' lang='lat' dir='ltr'>Sola</span> <span class='ocrx_word' id='word_1_98' title='bbox 836 2716 948 2777; x_wconf 90' lang='lat' dir='ltr'>tamen</span> <span class='ocrx_word' id='word_1_99' title='bbox 993 2710 1195 2776; x_wconf 85' lang='lat' dir='ltr'>Francorum</span> <span class='ocrx_word' id='word_1_100' title='bbox 1233 2709 1387 2796; x_wconf 88' lang='lat' dir='ltr'>superbia</span> <span class='ocrx_word' id='word_1_101' title='bbox 1424 2705 1667 2795; x_wconf 82' lang='lat' dir='ltr'>obgrunnivit..</span> 
     </span>
     <span class='ocr_line' id='line_1_15' title="bbox 601 2809 1648 2900; baseline -0.002 -23"><span class='ocrx_word' id='word_1_102' title='bbox 601 2813 693 2878; x_wconf 87' lang='lat' dir='ltr'>Tunc</span> <span class='ocrx_word' id='word_1_103' title='bbox 721 2835 784 2878; x_wconf 85' lang='lat' dir='ltr'>rex</span> <span class='ocrx_word' id='word_1_104' title='bbox 816 2812 977 2879; x_wconf 85' lang='lat' dir='ltr'>Ricardus</span> <span class='ocrx_word' id='word_1_105' title='bbox 1007 2813 1183 2880; x_wconf 83' lang='lat' dir='ltr'>munificus</span> <span class='ocrx_word' id='word_1_106' title='bbox 1214 2819 1249 2878; x_wconf 89' lang='lat' dir='ltr'>et</span> <span class='ocrx_word' id='word_1_107' title='bbox 1279 2811 1472 2900; x_wconf 80' lang='lat' dir='ltr'>magnificus</span> <span class='ocrx_word' id='word_1_108' title='bbox 1500 2809 1648 2876; x_wconf 81' lang='lat' dir='ltr'>famelico</span> 
     </span>
     <span class='ocr_line' id='line_1_16' title="bbox 601 2912 1831 3004; baseline -0.007 -22"><span class='ocrx_word' id='word_1_109' title='bbox 601 2916 761 2982; x_wconf 83' lang='lat' dir='ltr'>exercitui</span> <span class='ocrx_word' id='word_1_110' title='bbox 791 2915 950 2982; x_wconf 82' lang='lat' dir='ltr'>victualia</span> <span class='ocrx_word' id='word_1_111' title='bbox 983 2916 1122 3003; x_wconf 86' lang='lat' dir='ltr'>largiter</span> <span class='ocrx_word' id='word_1_112' title='bbox 1160 2916 1375 2982; x_wconf 86' lang='lat' dir='ltr'>ministravit.</span> <span class='ocrx_word' id='word_1_113' title='bbox 1432 2913 1508 2980; x_wconf 88' lang='lat' dir='ltr'>Duo</span> <span class='ocrx_word' id='word_1_114' title='bbox 1545 2912 1831 3004; x_wconf 53' lang='lat' dir='ltr'>igiturnopwend.</span> 
     </span>
     <span class='ocr_line' id='line_1_17' title="bbox 600 3000 1792 3107; baseline -0.003 -24"><span class='ocrx_word' id='word_1_115' title='bbox 600 3041 693 3106; x_wconf 82' lang='lat' dir='ltr'>reges</span> <span class='ocrx_word' id='word_1_116' title='bbox 724 3017 922 3084; x_wconf 85' lang='lat' dir='ltr'>militaribus</span> <span class='ocrx_word' id='word_1_117' title='bbox 954 3041 992 3085; x_wconf 86' lang='lat' dir='ltr'>ac</span> <span class='ocrx_word' id='word_1_118' title='bbox 1022 3019 1236 3107; x_wconf 87' lang='lat' dir='ltr'>popularibus</span> <span class='ocrx_word' id='word_1_119' title='bbox 1270 3017 1567 3084; x_wconf 85' lang='lat' dir='ltr'>innumerabilibus</span> <span class='ocrx_word' id='word_1_120' title='bbox 1590 3015 1647 3081; x_wconf 87' lang='lat' dir='ltr'>sti·</span> <span class='ocrx_word' id='word_1_121' title='bbox 1695 3007 1733 3042; x_wconf 84' lang='lat'>¹¹¹·</span> <span class='ocrx_word' id='word_1_122' title='bbox 1747 3000 1792 3043; x_wconf 78' lang='lat'>⁴²·</span> 
     </span>
     <span class='ocr_line' id='line_1_18' title="bbox 602 3120 1650 3210; baseline -0.002 -24"><span class='ocrx_word' id='word_1_123' title='bbox 602 3123 681 3208; x_wconf 90' lang='lat' dir='ltr'>pati,</span> <span class='ocrx_word' id='word_1_124' title='bbox 718 3122 803 3188; x_wconf 87' lang='lat' dir='ltr'>circa</span> <span class='ocrx_word' id='word_1_125' title='bbox 835 3121 951 3188; x_wconf 91' lang='lat' dir='ltr'>urbem</span> <span class='ocrx_word' id='word_1_126' title='bbox 983 3121 1166 3209; x_wconf 82' lang='lat' dir='ltr'>prudenter</span> <span class='ocrx_word' id='word_1_127' title='bbox 1197 3121 1388 3202; x_wconf 88' lang='lat' dir='ltr'>obsidendo,</span> <span class='ocrx_word' id='word_1_128' title='bbox 1422 3120 1581 3210; x_wconf 84' lang='lat' dir='ltr'>petrarias</span> <span class='ocrx_word' id='word_1_129' title='bbox 1615 3125 1650 3184; x_wconf 88' lang='lat' dir='ltr'>et</span> 
     </span>
     <span class='ocr_line' id='line_1_19' title="bbox 602 3221 1649 3311; baseline -0.002 -23"><span class='ocrx_word' id='word_1_130' title='bbox 602 3224 770 3290; x_wconf 83' lang='lat' dir='ltr'>machinas</span> <span class='ocrx_word' id='word_1_131' title='bbox 792 3224 884 3305; x_wconf 88' lang='lat' dir='ltr'>alias,</span> <span class='ocrx_word' id='word_1_132' title='bbox 900 3225 1081 3290; x_wconf 89' lang='lat' dir='ltr'>secundum</span> <span class='ocrx_word' id='word_1_133' title='bbox 1102 3224 1251 3290; x_wconf 90' lang='lat' dir='ltr'>ordinem</span> <span class='ocrx_word' id='word_1_134' title='bbox 1274 3229 1308 3290; x_wconf 90' lang='lat' dir='ltr'>et</span> <span class='ocrx_word' id='word_1_135' title='bbox 1331 3222 1540 3311; x_wconf 87' lang='lat' dir='ltr'>disciplinam</span> <span class='ocrx_word' id='word_1_136' title='bbox 1562 3221 1649 3286; x_wconf 90' lang='lat' dir='ltr'>mili·</span> 
     </span>
     <span class='ocr_line' id='line_1_20' title="bbox 602 3325 1669 3414; baseline -0.005 -21"><span class='ocrx_word' id='word_1_137' title='bbox 602 3333 717 3405; x_wconf 87' lang='lat' dir='ltr'>tarem,</span> <span class='ocrx_word' id='word_1_138' title='bbox 732 3328 935 3393; x_wconf 84' lang='lat' dir='ltr'>locaverunt.</span> <span class='ocrx_word' id='word_1_139' title='bbox 980 3326 1113 3392; x_wconf 88' lang='lat' dir='ltr'>Obsessi</span> <span class='ocrx_word' id='word_1_140' title='bbox 1131 3327 1236 3414; x_wconf 87' lang='lat' dir='ltr'>igitur</span> <span class='ocrx_word' id='word_1_141' title='bbox 1250 3326 1398 3412; x_wconf 90' lang='lat' dir='ltr'>undique</span> <span class='ocrx_word' id='word_1_142' title='bbox 1414 3325 1669 3392; x_wconf 89' lang='lat' dir='ltr'>desolationem.</span> 
     </span>
     <span class='ocr_line' id='line_1_21' title="bbox 602 3429 1669 3518; baseline -0.006 -22"><span class='ocrx_word' id='word_1_143' title='bbox 602 3429 857 3510; x_wconf 68' lang='lat' dir='ltr'>considerantes</span> <span class='ocrx_word' id='word_1_144' title='bbox 882 3429 987 3495; x_wconf 89' lang='lat' dir='ltr'>muris</span> <span class='ocrx_word' id='word_1_145' title='bbox 1018 3429 1087 3496; x_wconf 88' lang='lat' dir='ltr'>suis</span> <span class='ocrx_word' id='word_1_146' title='bbox 1118 3429 1267 3518; x_wconf 91' lang='lat' dir='ltr'>lapidum</span> <span class='ocrx_word' id='word_1_147' title='bbox 1299 3429 1546 3517; x_wconf 87' lang='lat' dir='ltr'>ponderositate</span> <span class='ocrx_word' id='word_1_148' title='bbox 1576 3450 1669 3494; x_wconf 89' lang='lat' dir='ltr'>con·.</span> 
     </span>
     <span class='ocr_line' id='line_1_22' title="bbox 603 3531 1670 3620; baseline -0.005 -22"><span class='ocrx_word' id='word_1_149' title='bbox 603 3532 713 3612; x_wconf 85' lang='lat' dir='ltr'>cussis,</span> <span class='ocrx_word' id='word_1_150' title='bbox 737 3538 772 3598; x_wconf 93' lang='lat' dir='ltr'>et</span> <span class='ocrx_word' id='word_1_151' title='bbox 793 3532 995 3619; x_wconf 89' lang='lat' dir='ltr'>spiculorum</span> <span class='ocrx_word' id='word_1_152' title='bbox 1017 3531 1180 3620; x_wconf 76' lang='lat' dir='ltr'>grandine</span> <span class='ocrx_word' id='word_1_153' title='bbox 1200 3532 1350 3620; x_wconf 89' lang='lat' dir='ltr'>appetiti,</span> <span class='ocrx_word' id='word_1_154' title='bbox 1369 3533 1404 3596; x_wconf 92' lang='lat' dir='ltr'>in</span> <span class='ocrx_word' id='word_1_155' title='bbox 1426 3538 1594 3618; x_wconf 85' lang='lat' dir='ltr'>stuporem</span> <span class='ocrx_word' id='word_1_156' title='bbox 1616 3537 1670 3597; x_wconf 90' lang='lat' dir='ltr'>et.</span> 
     </span>
     <span class='ocr_line' id='line_1_23' title="bbox 604 3633 1652 3716; baseline -0.002 -16"><span class='ocrx_word' id='word_1_157' title='bbox 604 3634 821 3701; x_wconf 88' lang='lat' dir='ltr'>diffidentiam</span> <span class='ocrx_word' id='word_1_158' title='bbox 839 3641 919 3700; x_wconf 91' lang='lat' dir='ltr'>sunt</span> <span class='ocrx_word' id='word_1_159' title='bbox 941 3635 1098 3701; x_wconf 89' lang='lat' dir='ltr'>conversi.</span> <span class='ocrx_word' id='word_1_160' title='bbox 1144 3635 1211 3716; x_wconf 80' lang='lat' dir='ltr'>Qui</span> <span class='ocrx_word' id='word_1_161' title='bbox 1237 3635 1382 3714; x_wconf 89' lang='lat' dir='ltr'>tandem,</span> <span class='ocrx_word' id='word_1_162' title='bbox 1398 3634 1483 3701; x_wconf 92' lang='lat' dir='ltr'>inito</span> <span class='ocrx_word' id='word_1_163' title='bbox 1506 3633 1652 3714; x_wconf 90' lang='lat' dir='ltr'>consilio,</span> 
     </span>
     <span class='ocr_line' id='line_1_24' title="bbox 604 3736 1652 3826; baseline -0.002 -23"><span class='ocrx_word' id='word_1_164' title='bbox 604 3738 644 3803; x_wconf 88' lang='lat' dir='ltr'>de</span> <span class='ocrx_word' id='word_1_165' title='bbox 667 3760 746 3824; x_wconf 86' lang='lat' dir='ltr'>pace</span> <span class='ocrx_word' id='word_1_166' title='bbox 768 3742 912 3804; x_wconf 88' lang='lat' dir='ltr'>tractare</span> <span class='ocrx_word' id='word_1_167' title='bbox 935 3742 1114 3826; x_wconf 87' lang='lat' dir='ltr'>coeperunt,</span> <span class='ocrx_word' id='word_1_168' title='bbox 1140 3737 1344 3816; x_wconf 86' lang='lat' dir='ltr'>itascilicet,</span> <span class='ocrx_word' id='word_1_169' title='bbox 1372 3738 1461 3824; x_wconf 95' lang='lat' dir='ltr'>quod</span> <span class='ocrx_word' id='word_1_170' title='bbox 1484 3736 1652 3805; x_wconf 87' lang='lat' dir='ltr'>Salahadi-</span> 
     </span>
     <span class='ocr_line' id='line_1_25' title="bbox 604 3839 1658 3928; baseline -0.002 -22"><span class='ocrx_word' id='word_1_171' title='bbox 604 3864 667 3906; x_wconf 88' lang='lat' dir='ltr'>nus</span> <span class='ocrx_word' id='word_1_172' title='bbox 697 3861 755 3928; x_wconf 93' lang='lat' dir='ltr'>pro</span> <span class='ocrx_word' id='word_1_173' title='bbox 787 3841 1012 3928; x_wconf 88' lang='lat' dir='ltr'>redemptione</span> <span class='ocrx_word' id='word_1_174' title='bbox 1035 3862 1148 3907; x_wconf 86' lang='lat' dir='ltr'>eorum</span> <span class='ocrx_word' id='word_1_175' title='bbox 1176 3862 1288 3907; x_wconf 86' lang='lat' dir='ltr'>veram</span> <span class='ocrx_word' id='word_1_176' title='bbox 1316 3840 1462 3921; x_wconf 76' lang='lat' dir='ltr'>Crucem,</span> <span class='ocrx_word' id='word_1_177' title='bbox 1494 3862 1594 3928; x_wconf 91' lang='lat' dir='ltr'>quam</span> <span class='ocrx_word' id='word_1_178' title='bbox 1616 3839 1658 3904; x_wconf 79' lang='lat' dir='ltr'>in‘</span> 
     </span>
     <span class='ocr_line' id='line_1_26' title="bbox 605 3941 1653 4031; baseline 0 -23"><span class='ocrx_word' id='word_1_179' title='bbox 605 3942 692 4008; x_wconf 88' lang='lat' dir='ltr'>bello</span> <span class='ocrx_word' id='word_1_180' title='bbox 724 3948 862 4031; x_wconf 85' lang='lat' dir='ltr'>ceperat,</span> <span class='ocrx_word' id='word_1_181' title='bbox 895 3943 1057 4025; x_wconf 88' lang='lat' dir='ltr'>redderet,</span> <span class='ocrx_word' id='word_1_182' title='bbox 1080 3949 1114 4009; x_wconf 88' lang='lat' dir='ltr'>ct</span> <span class='ocrx_word' id='word_1_183' title='bbox 1146 3944 1294 4031; x_wconf 84' lang='lat' dir='ltr'>captivos</span> <span class='ocrx_word' id='word_1_184' title='bbox 1325 3941 1540 4022; x_wconf 85' lang='lat' dir='ltr'>Christianos,</span> <span class='ocrx_word' id='word_1_185' title='bbox 1564 3943 1653 4008; x_wconf 89' lang='lat' dir='ltr'>mille</span> 
     </span>
     <span class='ocr_line' id='line_1_27' title="bbox 606 4045 1654 4134; baseline 0.001 -24"><span class='ocrx_word' id='word_1_186' title='bbox 606 4045 731 4111; x_wconf 88' lang='lat' dir='ltr'>scilicet</span> <span class='ocrx_word' id='word_1_187' title='bbox 766 4053 800 4112; x_wconf 92' lang='lat' dir='ltr'>et</span> <span class='ocrx_word' id='word_1_188' title='bbox 838 4045 1046 4134; x_wconf 87' lang='lat' dir='ltr'>quingentos,</span> <span class='ocrx_word' id='word_1_189' title='bbox 1082 4067 1165 4134; x_wconf 89' lang='lat' dir='ltr'>quos</span> <span class='ocrx_word' id='word_1_190' title='bbox 1199 4046 1321 4134; x_wconf 86' lang='lat' dir='ltr'>eligere</span> <span class='ocrx_word' id='word_1_191' title='bbox 1352 4046 1486 4127; x_wconf 89' lang='lat' dir='ltr'>vellent,</span> <span class='ocrx_word' id='word_1_192' title='bbox 1521 4047 1654 4134; x_wconf 88' lang='lat' dir='ltr'>insuper</span> 
     </span>
     <span class='ocr_line' id='line_1_28' title="bbox 438 4148 1654 4239; baseline 0.005 -31"><span class='ocrx_word' id='word_1_193' title='bbox 438 4157 577 4239; x_wconf 70' lang='lat' dir='ltr'>serrendo</span> <span class='ocrx_word' id='word_1_194' title='bbox 605 4155 731 4236; x_wconf 91' lang='lat' dir='ltr'>septem</span> <span class='ocrx_word' id='word_1_195' title='bbox 761 4148 854 4213; x_wconf 88' lang='lat' dir='ltr'>milia</span> <span class='ocrx_word' id='word_1_196' title='bbox 882 4148 1104 4216; x_wconf 86' lang='lat' dir='ltr'>bisanciorum</span> <span class='ocrx_word' id='word_1_197' title='bbox 1137 4149 1202 4215; x_wconf 86' lang='lat' dir='ltr'>illis</span> <span class='ocrx_word' id='word_1_198' title='bbox 1231 4154 1427 4216; x_wconf 88' lang='lat' dir='ltr'>numeraret.</span> <span class='ocrx_word' id='word_1_199' title='bbox 1473 4150 1528 4217; x_wconf 87' lang='lat' dir='ltr'>Sic</span> <span class='ocrx_word' id='word_1_200' title='bbox 1550 4149 1654 4237; x_wconf 81' lang='lat' dir='ltr'>igitur</span> 
     </span>
     <span class='ocr_line' id='line_1_29' title="bbox 438 4227 1672 4338; baseline -0.001 -22"><span class='ocrx_word' id='word_1_201' title='bbox 438 4227 589 4294; x_wconf 76' lang='lat' dir='ltr'>ofthecity.</span> <span class='ocrx_word' id='word_1_202' title='bbox 606 4251 724 4317; x_wconf 87' lang='lat' dir='ltr'>civitas</span> <span class='ocrx_word' id='word_1_203' title='bbox 746 4250 959 4330; x_wconf 87' lang='lat' dir='ltr'>nobilissima,</span> <span class='ocrx_word' id='word_1_204' title='bbox 979 4274 1053 4338; x_wconf 86' lang='lat' dir='ltr'>quae</span> <span class='ocrx_word' id='word_1_205' title='bbox 1076 4252 1193 4318; x_wconf 84' lang='lat' dir='ltr'>Acbon</span> <span class='ocrx_word' id='word_1_206' title='bbox 1216 4253 1271 4318; x_wconf 90' lang='lat' dir='ltr'>vel</span> <span class='ocrx_word' id='word_1_207' title='bbox 1294 4252 1504 4319; x_wconf 89' lang='lat' dir='ltr'>Ptolomaida</span> <span class='ocrx_word' id='word_1_208' title='bbox 1527 4271 1672 4319; x_wconf 73' lang='lat' dir='ltr'>nuncu.</span> 
     </span>
     <span class='ocr_line' id='line_1_30' title="bbox 605 4355 1655 4443; baseline 0.001 -22"><span class='ocrx_word' id='word_1_209' title='bbox 605 4359 713 4442; x_wconf 88' lang='lat' dir='ltr'>patur,</span> <span class='ocrx_word' id='word_1_210' title='bbox 736 4376 811 4421; x_wconf 89' lang='lat' dir='ltr'>cum</span> <span class='ocrx_word' id='word_1_211' title='bbox 842 4355 995 4421; x_wconf 91' lang='lat' dir='ltr'>omnibus</span> <span class='ocrx_word' id='word_1_212' title='bbox 1026 4376 1101 4443; x_wconf 89' lang='lat' dir='ltr'>quse</span> <span class='ocrx_word' id='word_1_213' title='bbox 1126 4355 1162 4420; x_wconf 90' lang='lat' dir='ltr'>in</span> <span class='ocrx_word' id='word_1_214' title='bbox 1185 4375 1223 4421; x_wconf 90' lang='lat' dir='ltr'>ea</span> <span class='ocrx_word' id='word_1_215' title='bbox 1254 4362 1358 4435; x_wconf 87' lang='lat' dir='ltr'>erant,</span> <span class='ocrx_word' id='word_1_216' title='bbox 1384 4357 1484 4422; x_wconf 85' lang='lat' dir='ltr'>salvis</span> <span class='ocrx_word' id='word_1_217' title='bbox 1506 4361 1655 4422; x_wconf 88' lang='lat' dir='ltr'>tantum-</span> 
     </span>
     <span class='ocr_line' id='line_1_31' title="bbox 605 4457 1656 4548; baseline 0.002 -26"><span class='ocrx_word' id='word_1_218' title='bbox 605 4457 704 4524; x_wconf 92' lang='lat' dir='ltr'>modo</span> <span class='ocrx_word' id='word_1_219' title='bbox 742 4457 998 4523; x_wconf 85' lang='lat' dir='ltr'>Sarracsnorum</span> <span class='ocrx_word' id='word_1_220' title='bbox 1035 4457 1238 4545; x_wconf 87' lang='lat' dir='ltr'>corporibus,</span> <span class='ocrx_word' id='word_1_221' title='bbox 1273 4458 1403 4525; x_wconf 90' lang='lat' dir='ltr'>duobus</span> <span class='ocrx_word' id='word_1_222' title='bbox 1440 4459 1576 4548; x_wconf 83' lang='lat' dir='ltr'>regibus</span> <span class='ocrx_word' id='word_1_223' title='bbox 1605 4465 1656 4526; x_wconf 88' lang='lat' dir='ltr'>est</span> 
     </span>
     <span class='ocr_line' id='line_1_32' title="bbox 462 4559 1734 4648; baseline -0.001 -19"><span class='ocrx_word' id='word_1_224' title='bbox 462 4579 574 4646; x_wconf 74' lang='lat' dir='ltr'>12Ju15.</span> <span class='ocrx_word' id='word_1_225' title='bbox 605 4559 745 4626; x_wconf 85' lang='lat' dir='ltr'>feliciter</span> <span class='ocrx_word' id='word_1_226' title='bbox 765 4561 962 4648; x_wconf 89' lang='lat' dir='ltr'>mancipata,</span> <span class='ocrx_word' id='word_1_227' title='bbox 977 4559 1049 4627; x_wconf 88' lang='lat' dir='ltr'>iiii⁰.</span> <span class='ocrx_word' id='word_1_228' title='bbox 1066 4561 1143 4627; x_wconf 90' lang='lat' dir='ltr'>idus</span> <span class='ocrx_word' id='word_1_229' title='bbox 1157 4561 1250 4628; x_wconf 81' lang='lat' dir='ltr'>Jnlii.</span> <span class='ocrx_word' id='word_1_230' title='bbox 1290 4561 1453 4629; x_wconf 86' lang='lat' dir='ltr'>Veniente</span> <span class='ocrx_word' id='word_1_231' title='bbox 1475 4568 1588 4630; x_wconf 87' lang='lat' dir='ltr'>autem</span> <span class='ocrx_word' id='word_1_232' title='bbox 1602 4562 1655 4629; x_wconf 87' lang='lat' dir='ltr'>die</span> <span class='ocrx_word' id='word_1_233' title='bbox 1731 4575 1734 4582; x_wconf 87' lang='lat'>&#39;</span> 
     </span>
    </p>
   </div>
   <div class='ocr_carea' id='block_1_5' title="bbox 606 4662 1656 4754">
    <p class='ocr_par' dir='ltr' id='par_1_5' title="bbox 606 4662 1656 4754">
     <span class='ocr_line' id='line_1_33' title="bbox 606 4662 1656 4754; baseline 0.003 -25"><span class='ocrx_word' id='word_1_234' title='bbox 606 4663 780 4730; x_wconf 86' lang='lat' dir='ltr'>solutionis</span> <span class='ocrx_word' id='word_1_235' title='bbox 809 4668 947 4744; x_wconf 87' lang='lat' dir='ltr'>statuto,</span> <span class='ocrx_word' id='word_1_236' title='bbox 978 4662 1199 4730; x_wconf 88' lang='lat' dir='ltr'>Salahadiuus</span> <span class='ocrx_word' id='word_1_237' title='bbox 1226 4664 1314 4731; x_wconf 88' lang='lat' dir='ltr'>nihil</span> <span class='ocrx_word' id='word_1_238' title='bbox 1344 4665 1471 4748; x_wconf 86' lang='lat' dir='ltr'>horum,</span> <span class='ocrx_word' id='word_1_239' title='bbox 1503 4688 1579 4754; x_wconf 84' lang='lat' dir='ltr'>quse</span> <span class='ocrx_word' id='word_1_240' title='bbox 1600 4665 1656 4732; x_wconf 87' lang='lat' dir='ltr'>ds·</span> 
     </span>
    </p>
   </div>
   <div class='ocr_carea' id='block_1_6' title="bbox 607 4837 987 4848">
    <p class='ocr_par' dir='ltr' id='par_1_6' title="bbox 607 4837 987 4848">
     <span class='ocr_line' id='line_1_34' title="bbox 607 4837 987 4848; baseline 0 -2"><span class='ocrx_word' id='word_1_241' title='bbox 607 4837 987 4848; x_wconf 47' lang='grc' dir='ltr'>*ψ*-</span> 
     </span>
    </p>
   </div>
   <div class='ocr_carea' id='block_1_7' title="bbox 641 4943 1446 5014">
    <p class='ocr_par' dir='ltr' id='par_1_7' title="bbox 641 4943 1446 5014">
     <span class='ocr_line' id='line_1_35' title="bbox 641 4943 1446 5014; baseline 0.005 -18"><span class='ocrx_word' id='word_1_242' title='bbox 641 4943 802 5012; x_wconf 67' lang='grc' dir='ltr'><strong><em>ἐοϋῳίεεετ]</em></strong></span> <span class='ocrx_word' id='word_1_243' title='bbox 821 4944 940 5010; x_wconf 78' lang='lat' dir='ltr'>Snpplitd</span> <span class='ocrx_word' id='word_1_244' title='bbox 949 4945 1014 4996; x_wconf 80' lang='lat' dir='ltr'>from</span> <span class='ocrx_word' id='word_1_245' title='bbox 1025 4945 1046 4996; x_wconf 91' lang='lat'>1.</span> <span class='ocrx_word' id='word_1_246' title='bbox 1055 4947 1084 4998; x_wconf 90' lang='lat' dir='ltr'>C.</span> <span class='ocrx_word' id='word_1_247' title='bbox 1145 4944 1150 5012; x_wconf 94' lang='grc'>1</span> <span class='ocrx_word' id='word_1_248' title='bbox 1207 4945 1281 5014; x_wconf 74' lang='lat' dir='ltr'>²sal]</span> <span class='ocrx_word' id='word_1_249' title='bbox 1301 4947 1446 5001; x_wconf 80' lang='lat' dir='ltr'>interlined.</span> 
     </span>
    </p>
   </div>
   <div class='ocr_carea' id='block_1_8' title="bbox 0 0 2144 6148">
    <p class='ocr_par' dir='ltr' id='par_1_8' title="bbox 0 0 2144 6148">
     <span class='ocr_line' id='line_1_36' title="bbox 0 0 2144 6148; baseline 0 0"><span class='ocrx_word' id='word_1_250' title='bbox 0 0 2144 6148; x_wconf 95' lang='lat' dir='ltr'> </span> 
     </span>
    </p>
   </div>
  </div>
 </body>
</html>
