4242 6159
760 1069 807 1123 un
829 1070 988 1123 rauroas
1010 1072 1110 1125 arare
1132 1073 1315 1129 concurre.
1429 1032 1431 1037 ⁵
1522 1065 1564 1133 99

510 1247 555 1312 ab
570 1246 632 1313 hac
645 1246 763 1335 rapina
776 1247 814 1312 in
829 1248 972 1314 ecclesiis
988 1252 1264 1319 conventualibus
1280 1254 1333 1322 vel
1355 1254 1564 1343 parrochiali·
1574 1266 1644 1322 Λα).
1658 1277 1734 1323 moa.

511 1351 576 1415 bue
601 1372 720 1417 manue
738 1349 892 1417 cohibuit
914 1352 1087 1420 violentas
1132 1353 1264 1424 Habuit
1286 1358 1449 1445 siquidem
1463 1358 1563 1446 hujus

512 1453 712 1521 extorsionis
734 1460 923 1523 executores
942 1456 981 1523 in
1001 1458 1100 1524 rebus
1123 1459 1348 1527 ecclesiasticis
1364 1462 1564 1540 Hubertum,

512 1558 792 1647 archiepiscopum
802 1558 1084 1643 cantuariensem,
1093 1562 1130 1627 in
1144 1561 1236 1629 laicis
1248 1562 1434 1634 Gslfridum
1443 1565 1564 1633 filium·

512 1661 615 1744 Petri,
632 1662 851 1749 justiciamm,
873 1664 932 1753 qui
958 1663 1044 1731 nulli
1066 1672 1289 1755 pepercerunt.
1421 1726 1422 1729 ,

512 1953 669 2040 Qualiter
683 1953 812 2023 diatim
829 1954 975 2045 profecit
989 1954 1033 2024 ia
1047 1979 1113 2025 scae
1125 1978 1250 2045 quara
1265 1980 1323 2025 rea
1337 1958 1562 2043 maroa-rra,

600 2058 749 2126 mairac
771 2082 852 2127 cum
874 2084 907 2126 sc
928 2083 987 2127 rea
1009 2060 1217 2150 batanaea]
1240 2062 1477 2130 absentaverat.

324 2224 498 2280 nivens..
558 2209 630 2274 Rex
652 2231 731 2276 vero
746 2211 957 2291 Francorum,
968 2209 1040 2294 jam
1063 2230 1104 2275 ex
1126 2210 1275 2276 absentia
1298 2216 1332 2277 et
1354 2211 1563 2299 elongatione
1574 2224 1698 2280 Procaea

338 2293 376 2344 a.
389 2298 452 2345 ¹⁷³·
491 2314 601 2401 aega
614 2313 810 2401 aarum]
835 2313 941 2379 aaa
957 2312 1104 2392 erectior,
1128 2314 1165 2379 in
1187 2313 1384 2381 fortandas
1404 2315 1498 2403 gravi
1520 2292 1729 2411 ambe

511 2418 659 2505 singulas
673 2417 827 2483 civitates
841 2422 877 2484 et
891 2416 1026 2482 castella
1039 2422 1203 2483 terrarum
1219 2417 1450 2505 praedictarum
1459 2421 1562 2499 venit,
1574 2376 1671 2479 msice

511 2519 688 2587 ostendens
703 2521 830 2586 civibus
845 2519 1092 2598 etcastellanis,
1115 2542 1150 2586 se
1171 2544 1192 2585 a
1214 2521 1347 2587 domino
1367 2544 1426 2587 suo
1448 2523 1561 2609 regulo
1574 2496 1667 2613 ἓξὲξ,

488 2624 655 2713 bagiano
676 2624 829 2711 ooedeque
850 2622 997 2689 nefaria¹
1022 2624 1150 2711 polluto
1172 2622 1242 2691 fore
1266 2624 1445 2693 derelictos.
1484 2626 1563 2693 Pro-
1571 2630 1711 2695 damase.

328 2730 497 2809 apparens
509 2728 622 2817 posuit
648 2728 750 2796 etiam
774 2750 810 2794 se
834 2726 1049 2816 principalem
1073 2748 1141 2795 esse
1163 2728 1336 2797 dominum
1355 2729 1488 2797 illarum
1510 2752 1559 2797 re-
1572 2720 1642 2840 ἔξω

350 2813 391 2849 ¹¹¹'
407 2803 468 2851 ¹⁷⁴¹
507 2832 654 2919 giorum,
665 2852 747 2918 quae
760 2830 874 2917 sijum
888 2852 948 2897 rex
958 2830 1143 2918 anglorum
1154 2853 1214 2918 per
1223 2830 1393 2919 ignaviam
1405 2833 1559 2913 deseruit,
1572 2807 1725 2911 arm

508 2935 587 3023 ipse,
616 2934 705 3022 quod
738 2956 834 3003 suum
866 2939 946 3011 arat,
969 2933 1125 3001 videlicet
1156 2934 1337 3021 principale
1366 2935 1559 3015 dominium,
1570 2926 1643 2979 m·

343 3043 390 3095 al.
403 3044 473 3097 8⁸1³·
506 3038 573 3105 sibi
593 3038 771 3126 indempne
791 3036 902 3105 voluit
923 3037 1109 3119 reservari3
1130 3037 1220 3103 unda
1242 3037 1461 3105 amicabiliter
1482 3061 1558 3129 sup-

506 3142 651 3230 plicavit,
675 3147 715 3209 ut
744 3142 854 3231 ipsum
878 3142 916 3207 in
938 3142 1110 3209 dominum
1131 3141 1322 3227 reciperent,
1346 3141 1426 3209 dum
1456 3142 1561 3209 alium

505 3255 586 3311 non·
604 3246 773 3313 haberent
821 3244 918 3325 Quod
952 3246 980 3311 si
1015 3244 1078 3311 hoc
1108 3247 1281 3331 gratanter
1307 3242 1413 3311 facere
1436 3244 1560 3313 noluis-

505 3354 589 3427 sent,
611 3348 790 3415 affirmavit
820 3369 895 3415 cum
920 3347 1120 3433 juramento,
1143 3346 1233 3433 quod
1265 3344 1316 3413 si'
1339 3350 1453 3413 contra
1483 3368 1559 3415 eum

412 3530 417 3539 ,
506 3457 672 3520 certamen
693 3452 826 3530 inirent,
850 3457 885 3518 et
910 3451 980 3539 ipse
1005 3473 1060 3518 eos
1083 3451 1246 3518 violenter
1269 3450 1334 3516 sibi
1357 3450 1559 3540 subjugaret,

505 3578 617 3623 omnes
639 3556 791 3645 patibulo
814 3556 1027 3642 suspenderet
1049 3559 1109 3620 aut
1131 3554 1228 3621 vivos
1244 3552 1433 3620 decoriaret
1472 3554 1557 3621 Tan·

504 3663 579 3727 dem
593 3668 668 3749 post
682 3658 884 3727 multashinc
919 3658 998 3724 inde
1014 3656 1296 3748 disceptationes³
1320 3664 1557 3726 consenserunt

503 3764 715 3845 unanimiter,
730 3767 770 3828 ut
784 3762 903 3828 darent
924 3759 1054 3828 obsides
1067 3762 1139 3849 regi
1155 3760 1359 3828 Francorum
1374 3783 1434 3849 pro
1456 3762 1563 3828 uniue'

504 3868 584 3934 anni
614 3866 777 3948 induciie3
812 3864 932 3951 quibus
966 3865 1118 3945 evolutis,
1151 3866 1181 3930 ai
1212 3887 1232 3930 a
1263 3886 1340 3952 rege
1370 3864 1555 3951 Anglorum

503 3992 690 4037 succursum
714 3991 784 4035 non
798 3968 967 4050 haberent,
983 3968 1093 4055 ipsum
1115 3989 1225 4056 regom
1240 3967 1442 4034 Francorum
1465 3968 1556 4036 dein-

503 4097 578 4162 ceps
599 4073 832 4139 abdominum
855 4078 1130 4160 recognoscerent,
1153 4073 1368 4158 mvimtesqua
1387 4071 1418 4137 ei
1440 4072 1555 4141 redde-

481 4183 579 4248 ,rent
591 4182 627 4244 st
641 4176 783 4243 matella
828 4176 956 4256 Quibus
978 4175 1028 4240 ita
1048 4175 1160 4263 gestis,
1182 4196 1242 4241 rex
1264 4174 1465 4243 Francorum
1480 4196 1554 4243 oum

503 4303 561 4372 spe
582 4282 670 4349 bona
690 4281 734 4348 ad
756 4280 888 4367 propria
908 4280 1077 4347 remeavit

553 4477 618 4483 .-——
627 4477 721 4485 ...mu—‚-
735 4476 833 4483 --.-—

538 4594 670 4659 ¹aesaric]
688 4591 817 4659 sapharta,
829 4590 886 4643 MS.
1083 4586 1305 4654 ’dr'eceptaticaeq
1357 4580 1551 4648 acceptationes,

537 4671 666 4739 ²quadri]
685 4672 888 4725 omonimo
1049 4667 1210 4720 Memnon.
