4242 6159
634 1080 682 1131 nn
703 1082 864 1133 runrons
885 1033 987 1133 iners
1006 1080 1163 1147 nnusrcr,
1186 1080 1254 1133 viz.
1277 1080 1400 1131 suern.
1475 1065 1540 1131 439

492 1255 708 1341 praesentibus
730 1278 815 1345 rege,
831 1256 950 1344 legato,
974 1260 1010 1323 et
1030 1254 1146 1322 multis
1168 1252 1328 1343 episcopis
1351 1258 1385 1320 et
1407 1255 1711 1341 magna-AD·12⁴0·

491 1360 592 1440 tibus,
615 1360 672 1447 qni
694 1382 808 1428 omnes
829 1384 869 1428 ea
899 1360 954 1428 die
983 1359 1174 1427 convivium
1199 1380 1274 1426 cum
1296 1358 1368 1445 ipso
1390 1357 1543 1445 episcopo

491 1462 707 1530 celebrarimt.
753 1464 809 1530 Ad
831 1486 930 1552 quam
962 1463 1205 1530 dedicationem
1226 1460 1400 1527 annuatim
1423 1460 1543 1526 devote

491 1566 709 1645 venientibus,
733 1589 885 1634 concessa
916 1572 966 1634 est
997 1568 1096 1634 venia
1126 1566 1209 1632 xiiii.
1233 1586 1416 1645 annorum3
1454 1563 1543 1651 quod

490 1668 618 1757 legatus
640 1675 675 1737 et
697 1670 840 1761 episcopi
863 1692 976 1739 omnes
998 1672 1047 1738 ibi
1070 1674 1250 1761 praesentes
1272 1669 1518 1745 confirmarunt.

752 1954 845 2025 Obiit
867 1954 1012 2025 lberam
1033 1955 1074 2024 de
1095 1954 1287 2026 Maletum.

535 2104 725 2195 Eodemque
746 2112 894 2197 tempore
916 2110 1000 2177 obiit
1021 2108 1221 2198 grandaevus
1246 2114 1282 2175 et
1311 2081 1542 2195 magnanimus
1554 2120 1680 2181 Desmof

491 2209 585 2277 miles
606 2233 645 2278 ac
666 2213 852 2300 opulentus,
875 2213 1016 2281 Thomas
1038 2214 1080 2281 de
1103 2213 1285 2281 Muletnna.
1554 2195 1710 2317 {phuffid‘

580 2475 631 2566 ni
654 2496 875 2568 raumara
895 2500 1143 2570 maenala
1165 2496 1480 2569 marmanum·

538 2657 676 2726 cassata
690 2661 848 2729 electione
862 2662 952 2729 facta
973 2662 1016 2729 de
1037 2661 1267 2729 archidiacono
1281 2660 1339 2728 sed
1362 2680 1541 2748 perperam,
1555 2676 1711 2733 menonis

492 2760 645 2828 monachi
667 2760 825 2830 Dunelmi
848 2764 989 2832 Romam
1023 2765 1180 2831 destinati
1212 2766 1382 2853 petierunt
1412 2764 1543 2830 electio-
1555 2748 1711 2866 &¹¹¹ssss

491 2887 570 2931 nem
590 2867 713 2933 factam
735 2867 777 2934 de
799 2869 908 2956 priore
930 2891 990 2936 suo
1010 2868 1139 2935 Thema
1160 2889 1181 2933 a
1202 2867 1337 2935 domino
1358 2888 1445 2956 pepe
1466 2890 1543 2934 con·
1557 2831 1646 2933 ruald
1656 2833 1712 2965 aiu

491 2969 636 3052 firmari3
658 2970 717 3037 sed
738 2971 904 3059 regalibus
926 2973 1093 3061 repagulis
1115 2972 1299 3059 praepediti,
1330 2992 1458 3037 moram
1481 2970 1545 3037 sibi
1557 2950 1712 3070 {ffeffisn

490 3073 590 3139 nimis
613 3072 828 3161 dampnosam
849 3073 997 3141 ibidem¹
1022 3074 1272 3155 continuabant,
1295 3078 1336 3140 ut
1359 3074 1454 3161 quasi
1475 3094 1545 3162 prae
1687 3034 1711 3083 1³·

492 3176 633 3243 tristitia
654 3180 927 3246 contabescerent
969 3178 1209 3245 Decubuerimt
1231 3178 1337 3265 igitur
1358 3176 1545 3255 infirmati,l

487 3277 591 3365 juxta
630 3281 770 3348 verbum
808 3282 1003 3361 Salomonis,
1042 3281 1223 3369 “Spiritus
1259 3278 1365 3346 tristis
1403 3279 1546 3346 desiccat

494 3380 628 3464 oasa;''⁸
649 3390 685 3450 et
707 3387 832 3452 mortui
854 3391 934 3452 sunt
956 3392 1101 3473 quatuor
1122 3384 1290 3473 praeelecti
1312 3383 1354 3449 de
1368 3389 1545 3462 conventu,

493 3507 570 3551 cum
591 3487 791 3573 quibusdam
814 3488 873 3554 in⁴
890 3488 967 3575 jure
999 3488 1117 3578 peritis
1150 3488 1276 3556 clericis
1306 3492 1341 3555 et
1373 3487 1545 3567 ministris,

493 3590 711 3658 consolationi
725 3614 838 3658 eorum
860 3592 1037 3679 deputatis
1085 3591 1182 3673 Quod
1198 3612 1273 3657 cum
1295 3590 1442 3658 audisset
1463 3591 1545 3657 elec·
1558 3610 1712 3679 rhetismp

492 3697 557 3773 tus,
579 3695 702 3762 sufficet
722 3696 813 3783 prior
835 3695 1078 3776 Dunelmensis,
1095 3696 1137 3761 ab
1161 3694 1230 3760 alto
1252 3694 1374 3761 ducens
1395 3694 1545 3783 suspiria,
1557 3679 1671 3814 3222*

492 3796 600 3864 doluit
622 3798 905 3866 inconsolabiliter
930 3800 1020 3887 quod
1041 3820 1191 3885 unquam
1214 3797 1399 3886 eligeretur,
1422 3804 1462 3864 ut
1484 3820 1543 3886 pro

492 3900 563 3987 ejus
585 3902 744 3969 electione
776 3903 952 3968 causaliter
973 3901 1029 3969 vel
1064 3902 1313 3968 occasionaliter
1344 3906 1397 3967 tot
1420 3902 1543 3989 peritos

491 4006 632 4093 contigit
662 4005 833 4094 deperisse.
880 4004 988 4072 Gessit
1021 4004 1127 4091 igitur
1156 4008 1366 4092 spontaneus,
1398 4026 1543 4071 asserens

490 4128 663 4195 nunquam
694 4108 844 4196 pristinae
859 4108 995 4174 ‘letitiae
1028 4102 1182 4173 statum⁵
1202 4106 1258 4173 vel
1288 4107 1470 4175 alacritatis
1492 4130 1543 4174 re-

491 4215 674 4298 cepturum,
694 4211 753 4279 sed
775 4212 838 4279 sub
870 4209 1080 4298 poeniteutiae
1102 4230 1242 4277 moerore
1265 4210 1337 4277 dies
1367 4232 1443 4277 suos
1466 4231 1543 4277 con·

491 4315 709 4381 tinuaturum
763 4315 920 4381 Monachi
956 4334 1044 4392 vero,
1089 4313 1210 4401 quibus
1255 4313 1402 4402 eligendi
1438 4314 1543 4381 libera
1556 4326 1688 4396 mering

490 4423 639 4506 potestas
671 4418 929 4505 relinquebatur,
951 4438 1072 4505 regem,
1095 4422 1136 4482 ut
1169 4417 1270 4487 moris
1296 4422 1355 4497 est,
1378 4417 1542 4498 adierunt,
1554 4411 1681 4514 fffi‘w

490 4522 628 4611 petituri
652 4527 692 4588 ut
725 4521 916 4588 concederet
943 4520 1071 4606 justam
1096 4518 1240 4608 eligendi
1262 4520 1455 4587 facultatem
1466 4546 1476 4601 ;
1507 4526 1541 4587 et
1554 4531 1597 4583 the
1608 4531 1698 4581 monus

490 4626 650 4693 concessit
680 4626 854 4704 instanter,
878 4628 993 4713 petens
1026 4629 1068 4689 ut
1100 4623 1316 4703 Bonifacium,
1339 4625 1541 4692 avunculum
1553 4598 1711 4731 {ffiffps

523 4883 531 4914 ¹
549 4878 649 4945 itidem]
667 4878 770 4953 ibibem,
781 4874 838 4930 MS.
1070 4876 1080 4907 ⁴
1097 4874 1136 4942 in]
1156 4872 1303 4928 interlined.

522 4959 681 5024 *tfirmctq
700 4956 906 5020 indumentiis.
1070 4957 1199 5025 ‘awtamJ
1218 4958 1363 5010 Interlined.

523 5044 533 5072 ³
549 5041 626 5092 Prov.
638 5040 701 5091 xvii.
715 5046 754 5092 22.
