4242 6159
602 1002 647 1068 58
728 1017 893 1069 urrinni
915 1016 1129 1070 rsmsmasrs
1151 1017 1314 1071 ursmari
1332 1019 1531 1072 memnon

431 1185 778 1283 A.n.1iaa.suspensus
800 1197 859 1262 est
904 1193 1006 1281 Cujus
1039 1195 1118 1282 quia
1149 1217 1246 1262 eausa
1275 1195 1363 1262 bona
1395 1201 1475 1278 erat,
1502 1199 1664 1264 ereditur.

601 1320 622 1363 a
647 1297 762 1364 maltis
793 1302 828 1364 et
858 1296 1049 1377 affirmatur,
1071 1300 1206 1386 praemio
1235 1301 1410 1366 martirum
1432 1321 1501 1366 non
1529 1301 1664 1368 debere.

595 1400 715 1468 merito
740 1401 935 1467 defraudari

827 1647 930 1734 Hapo
952 1647 993 1714 da
1015 1642 1242 1714 Calvo-monte
1264 1647 1409 1736 capitor.

429 1812 551 1878 Hagnae
639 1797 764 1865 Eodem
785 1819 882 1878 anuo,
904 1797 993 1864 faeta
1008 1797 1151 1882 quedem
1174 1797 1287 1864 hostili
1309 1799 1534 1886 oongrassione
1555 1797 1643 1864 inter
1654 1807 1824 1888 Bopweno.

427 1880 556 1997 {puppem
595 1923 687 1990 reges
720 1902 920 1998 saepsdiotos,
950 1905 1067 1987 eaptus
1100 1905 1151 1966 est
1189 1900 1291 1988 Hugo
1325 1900 1366 1966 da
1397 1901 1640 1981 Cuive-monte,
1688 1876 1724 1927 ¹¹¹*
1737 1881 1779 1929 ⁹⁵·

428 2013 548 2078 prisoner.
592 2005 688 2072 miles
713 2005 969 2083 strenuissimus,
1001 2003 1143 2068 Ricardo
1175 2004 1246 2090 regi
1277 2004 1421 2070 multum
1445 2005 1582 2070 nocivus
1607 2009 1662 2070 et.

592 2110 800 2186 infestasset
832 2107 903 2193 regi
929 2106 1131 2172 Franoorurn
1157 2107 1343 2172 mrissimus
1365 2111 1400 2174 et
1428 2107 1643 2172 familiarissi-

592 2234 673 2278 mus.
720 2210 788 2292 Qui
817 2208 1038 2276 committitur
1068 2207 1285 2276 Roberto'de
1311 2209 1379 2275 Ros
1401 2210 1642 2284 custodiendus,
1654 2217 1823 2299 Roawend„

592 2314 651 2380 sed
672 2313 714 2378 de
738 2317 835 2378 noote
855 2333 914 2398 per
936 2332 1069 2376 murum
1093 2312 1263 2392 demissus,
1288 2313 1404 2378 evasit.
1462 2311 1562 2378 Unde
1584 2335 1644 2378 rex
1689 2293 1783 2338 ¹²⁹⁶·

593 2414 797 2503 R[ieardus],
819 2434 923 2500 usque
953 2415 997 2479 ad
1022 2415 1275 2480 amaritudinem
1302 2415 1438 2501 spiritus
1470 2415 1584 2481 dolens
1610 2421 1644 2482 et

591 2520 707 2595 iratus,
729 2517 817 2603 oepit
839 2539 860 2582 a
885 2516 1030 2582 Roberto
1056 2516 1148 2582 mille
1174 2521 1209 2582 et
1240 2517 1398 2582 ducentas
1429 2539 1555 2582 mareas
1584 2539 1644 2604 pro

595 2620 861 2708 transgressione,
884 2623 919 2683 et
941 2618 1146 2684 Willelmm
1166 2619 1207 2684 de
1227 2618 1376 2705 Spineto,
1392 2620 1554 2686 famulum
1578 2619 1644 2686 Ro·

590 2724 686 2802 berti,
710 2744 770 2809 pro
792 2743 953 2787 consensu
974 2721 1125 2808 patibulo
1146 2720 1248 2806 jussit
1270 2723 1433 2808 suspendi.

646 2943 837 3035 Philippus
859 2943 1072 3013 Piotooeasis
1094 2951 1307 3012 casanatae
1328 2943 1370 3012 a'a
1397 2939 1591 3033 episcopam

975 3047 1247 3117 aaaimeaam.

422 3209 549 3290 Philtpof
638 3193 717 3263 Hiis
740 3218 872 3284 quoque
894 3193 1032 3262 diebus¹
1056 3193 1242 3284 Phillippus
1273 3195 1479 3262 Pistavensis
1508 3196 1544 3262 in
1572 3195 1639 3282 epi·
1652 3203 1821 3284 Rppwend.

422 3281 553 3396 mg&
588 3323 723 3390 soopum
739 3301 998 3367 Dunelmensem
1017 3303 1231 3365 eonsecratur.
1271 3299 1357 3386 Ipsis
1380 3322 1511 3386 quoque
1526 3299 1660 3367 diebus.
1676 3285 1715 3323 ω
1731 3279 1791 3326 ¹²³·

423 3415 558 3478 adapes
589 3405 769 3491 imperator
792 3403 956 3468 Henrieus
979 3402 1021 3467 ab
1041 3402 1194 3490 omnibus
1208 3401 1325 3466 mundi
1346 3401 1558 3488 principibus,
1583 3401 1657 3466 sed.

423 3481 547 3531 Durium.
593 3507 736 3572 maxime
768 3527 789 3570 a
821 3504 969 3592 praelatis
1002 3507 1172 3591 correptus
1199 3509 1233 3569 et
1256 3504 1509 3581 scandalizatus,
1539 3505 1661 3590 eoepit.

420 3573 497 3626 Nota.
592 3610 806 3675 vehementer
820 3607 982 3673 ultionem
1005 3607 1048 3672 ab
1062 3607 1252 3672 hominibus
1274 3607 1328 3673 vel
1350 3629 1371 3671 a
1393 3607 1465 3673 Deo
1487 3607 1658 3693 infligen.

591 3713 668 3777 dam
698 3732 757 3798 pro
790 3709 1017 3798 redemptione
1051 3713 1086 3775 et
1124 3709 1287 3798 praecipue
1325 3705 1518 3797 emptione⁹
1553 3711 1658 3798 regis.

422 3828 572 3895 Theempa
593 3814 729 3880 Ricardi
751 3813 934 3880 formidare.
980 3811 1142 3900 Exemplo
1164 3813 1268 3900 igitur
1283 3813 1374 3878 ducis
1396 3811 1543 3878 Austriae
1566 3833 1659 3900 per-.

420 3896 562 4013 ffiffy
590 3915 736 3996 territus,
768 3916 936 4004 poenitens
961 3915 1088 4002 legavit
1119 3916 1264 4003 capitulo
1291 3914 1559 3982 Cisteroiensium
1588 3938 1659 3981 re-.

421 3980 550 4079 ransome
587 4021 811 4108 demptionem
842 4019 929 4106 regis
960 4017 1149 4105 supradicti,
1176 4017 1219 4082 ad
1249 4017 1364 4083 calices
1394 4022 1428 4084 et
1450 4017 1657 4084 thurribula.

420 4097 742 4216 fflffiffofaoienda.
796 4121 946 4188 Abbates
968 4143 1055 4199 vero,
1079 4121 1137 4208 qui
1159 4143 1271 4187 omnes
1296 4141 1408 4208 regem
1431 4119 1656 4208 R[iaardum].

420 4229 531 4281 thecia
586 4227 651 4293 sibi
675 4248 803 4314 semper
833 4225 992 4291 devotum
1014 4227 1220 4304 amaverunt,
1245 4223 1338 4289 illam
1360 4226 1533 4311 pecuniam
1563 4231 1656 4290 tam.

421 4303 534 4349 ‘mm
585 4351 686 4416 quam
715 4329 866 4416 rapinam
896 4333 1094 4405 execrantes,
1122 4328 1300 4393 noluerunt
1329 4328 1434 4413 ipsam
1464 4327 1655 4414 pecuniam.
1703 4372 1709 4382 ·

585 4432 647 4498 sub
669 4433 730 4498 tali
752 4431 859 4497 forma
879 4431 1031 4518 resipere.
1077 4429 1222 4496 Erubuit
1244 4429 1432 4518 imperator,
1455 4434 1490 4495 et
1512 4431 1655 4517 placuit.

585 4536 656 4621 regi
678 4534 849 4620 R[ioardo]
874 4533 1034 4599 abbatum
1059 4532 1234 4620 responsio.

997 4686 1060 4691 ——.
1095 4685 1195 4690 ————
1212 4683 1447 4690 —----—--·—-—..
1459 4686 1604 4696 ——u—

629 4754 735 4819 ¹Philip
747 4753 777 4804 of
788 4755 897 4805 Paitiers
908 4768 962 4805 was
978 4762 1023 4804 not
1034 4769 1093 4805 oon-
1137 4751 1243 4803 eventis
1254 4747 1355 4804 entered
1372 4753 1467 4819 rightly
1486 4759 1512 4804 at
1528 4755 1571 4804 the
1589 4757 1637 4806 end

592 4833 704 4885 secrated
718 4833 758 4884 till
773 4840 805 4883 20
825 4832 902 4899 April
926 4837 997 4884 1197.
1044 4833 1092 4885 See
1137 4835 1167 4884 of
1181 4833 1315 4899 thityear,
1368 4865 1369 4870 =

590 4919 606 4942 ‘⁶
623 4912 694 4964 Fati
725 4912 822 4964 neena
852 4911 1027 4977 Anglicanae,”
1053 4911 1090 4962 iii.
1169 4915 1320 4983 2επῳῑίοηο]
1340 4914 1517 4980 sponsatis.

587 4997 657 5052 2843
682 4992 731 5042 and
751 4990 778 5040 in
800 4990 842 5042 W.
865 4992 915 5041 sad
936 4991 967 5042 B.
988 4991 1018 5043 C.
1037 4991 1090 5041 this
