4242 6159
588 1089 634 1137 nn
657 1085 816 1137 raneonn
837 1085 939 1135 nasis
962 1083 1118 1146 nesarci,
1140 1082 1206 1132 vm
1230 1081 1352 1131 rnarn.
1437 1062 1502 1134 457

637 1399 688 1470 Dc
710 1399 877 1470 mortibas
898 1397 1121 1488 quorundam
1138 1401 1324 1485 potentem
1517 1399 1586 1451 an.
1601 1405 1672 1452 ιω.

501 1566 579 1652 Ipso
609 1587 739 1652 quoque
773 1571 921 1650 tempore
953 1561 1037 1628 obiit
1071 1560 1296 1627 Praenestinus
1327 1559 1506 1646 episcopua,
1517 1570 1614 1622 Dans
1625 1569 1705 1622 orde
1716 1571 1758 1635 hp.
1770 1571 1801 1620 of

456 1668 647 1755 imperatori
668 1666 920 1744 inimicissimus,
945 1666 985 1731 de
1015 1685 1081 1752 quo
1110 1664 1198 1729 idem
1220 1662 1399 1749 imperator
1421 1638 1815 1756 saepenpffffinfflffl

456 1771 493 1835 in
526 1770 673 1858 epistolis
707 1769 776 1834 suis
809 1768 932 1834 faciens
963 1767 1176 1843 mentionem,
1197 1764 1346 1853 graviter
1368 1780 1583 1848 conque-cote.

456 1873 549 1938 ritur.
607 1870 701 1937 Obiit
738 1891 865 1958 quoque
903 1867 1040 1937 eodem¹
1081 1875 1236 1956 tempore,
1273 1866 1317 1932 ad
1353 1888 1507 1952 magnam

458 1975 598 2041 ecolesiae
631 1973 790 2040 Romanae
822 1973 1054 2050 confusionem,
1079 1971 1238 2058 magister
1271 1969 1435 2034 Robertus
1466 1969 1508 2034 de

461 2079 658 2156 Sumeroote‚
681 2075 865 2156 cardinalis,
888 2074 932 2140 ed
962 2074 1102 2141 officium
1136 2072 1253 2160 papale
1287 2071 1508 2158 dignissimus,

458 2181 515 2267 qui
541 2180 698 2244 natione²
714 2179 852 2266 Anglus,
869 2177 1022 2245 omnibus
1036 2175 1212 2241 amabilem
1235 2173 1508 2251 seexhibuerat³
1619 2231 1625 2242 .

460 2282 555 2348 Obiit
577 2293 690 2347 autem
713 2283 749 2346 in
772 2281 876 2368 Regia
891 2281 998 2360 Solis,⁴
1015 2279 1096 2344 dum
1112 2278 1183 2364 [de]
1194 2276 1209 2312 ⁶
1222 2276 1381 2342 electione
1396 2275 1507 2363 papali
1582 2305 1590 2333 r

460 2390 667 2450 tractaretur.
713 2383 808 2449 Obiit
839 2383 940 2448 etiam
976 2380 1066 2469 apud
1098 2379 1364 2466 Legreoestriam‚
1386 2379 1423 2443 in
1452 2379 1509 2443 ab·

460 2488 553 2553 batia
567 2494 649 2553 tunc
664 2485 822 2574 temporis
845 2481 1075 2573 sepeliendus,l
1092 2481 1282 2569 Stephanae
1297 2482 1339 2547 do
1354 2481 1508 2568 Segrave,

460 2590 514 2655 vir
537 2591 574 2655 in
595 2589 722 2678 legibus
744 2589 838 2676 regni
860 2587 944 2654 nulli
966 2581 1151 2653 secundus⁷
1520 2605 1764 2740 massepha
1782 2606 1814 2654 de

1599 2689 1639 2725 VO·

856 2856 1004 2945 eclipsis
1026 2855 1114 2924 solis.

508 3027 584 3116 Ipso
607 3049 735 3115 quoque
762 3047 860 3104 anno,
881 3026 987 3113 pridie
1018 3023 1146 3090 nonns⁸
1171 3024 1332 3105 Octobris,
1356 3026 1511 3097 videlicet
1556 3045 1641 3096 ⁶003,

461 3133 514 3198 die
537 3138 659 3198 sanotae
683 3131 786 3210 Fidis,
808 3129 923 3217 passus
945 3132 995 3195 est
1017 3128 1067 3194 sol
1088 3128 1243 3217 eclipsim.
1523 3111 1667 3175 &fimf

1522 3177 1566 3228 the
1577 3193 1633 3229 ann.

1721 3086 1748 3126 v

608 3407 700 3479 Obiit
722 3408 898 3498 episcopos
919 3405 1174 3477 tamniensis
1198 3405 1369 3496 Roqerses.⁰

506 3549 618 3615 Tertio
640 3571 719 3614 vero
741 3548 902 3614 kalendas
925 3548 1079 3616 Octobris
1111 3548 1196 3615 obiit
1229 3545 1397 3637 episcopus
1428 3549 1514 3616 Lon-
1548 3564 1580 3608 ee
1592 3557 1661 3624 Sept

462 3652 637 3730 doniensis,
659 3652 817 3750 magister
838 3651 961 3717 scilicet
984 3651 1140 3738 Rogerus‚
1163 3650 1343 3740 theologus,
1365 3653 1419 3716 vir
1433 3637 1663 3770 vitaeffi⁰gp

462 3755 668 3834 venerabilis,
692 3755 830 3820 seientia
863 3754 1046 3841 praeolarus,
1069 3759 1103 3820 et
1134 3753 1367 3842 praedicatione
1388 3740 1680 3843 perspi-orminos.

462 3881 550 3924 euos.
596 3858 643 3924 Et
657 3857 745 3924 infra
760 3877 905 3922 mensem
921 3857 1015 3922 illum
1038 3856 1075 3922 in
1095 3856 1166 3921 fata
1184 3858 1343 3924 concessit
1357 3859 1515 3946 magister

464 3959 644 4026 (laufridus
676 3959 717 4026 de
744 3958 844 4045 Lucy,
868 3957 1015 4044 ejusdem
1046 3958 1188 4026 eoclosiae
1221 3959 1372 4041 damnus,
1395 3983 1514 4049 genere

420 4108 423 4114 -
463 4067 499 4128 et
520 4063 658 4129 scientia
679 4083 808 4128 necnon
839 4065 873 4126 et
904 4060 1052 4126 moribus
1082 4061 1390 4129 commendabilia¹⁰
1434 4064 1513 4152 Epi-

498 4306 504 4336 ¹
524 4303 614 4371 eodem]
634 4319 728 4366 eornm,
740 4305 797 4356 MS.
985 4315 988 4352 ι
1010 4302 1051 4354 his
1072 4303 1155 4355 ahield
1174 4305 1205 4355 or*
1222 4320 1297 4367 arms,
1318 4309 1441 4368 mersed,
1458 4309 1514 4368 via,

497 4387 506 4415 ²
523 4382 633 4449 nnciam]
652 4383 781 4446 nocolone,
793 4382 850 4435 MS.
987 4384 989 4426 l
1011 4382 1093 4448 galea,
1106 4383 1177 4435 three
1193 4386 1270 4450 garba
1286 4401 1324 4446 or,
1340 4387 1391 4436 and
1406 4387 1516 4439 beneath

498 4463 621 4514 ¹Anote
632 4464 753 4514 hasbeen
764 4463 846 4514 added
862 4462 921 4512 here
938 4460 965 4510 in
1012 4461 1035 4511 ia
1058 4462 1157 4513 written
1180 4462 1207 4513 in
1235 4465 1280 4515 red
1301 4464 1394 4528 lettera,
1417 4465 1517 4517 “Obiit

464 4544 507 4596 the
515 4543 622 4608 margin,
631 4544 676 4593 but
684 4543 862 4608 subsequently
870 4541 964 4592 erased.
1014 4538 1155 4606 Stephanae
1167 4543 1197 4594 de
1210 4542 1342 4609 Scyrum

499 4621 605 4688 *Recio
627 4619 706 4687 Solis]
727 4621 755 4671 in
779 4622 879 4687 palatio,
898 4621 966 4685 qnod
1048 4621 1164 4688 Ἥκω]
1184 4621 1312 4683 kalendas,
1331 4623 1388 4676 MS.
1407 4626 1458 4676 and
1485 4625 1515 4677 n

465 4701 548 4769 Regia
559 4701 627 4752 Solis
641 4699 739 4762 dicitnr,
751 4702 782 4751 B.
796 4701 825 4754 0.
991 4763 994 4774 ι
1013 4700 1086 4752 corr.
1098 4700 1164 4750 from
1175 4701 1208 4752 B.
1220 4701 1250 4753 C.

499 4780 569 4846 ἰὴ]
589 4780 709 4846 Supplied
720 4781 786 4831 stom
796 4782 826 4832 B.
837 4781 866 4834 C.
991 4788 994 4838 l
1047 4780 1107 4830 'ln
1129 4781 1173 4832 the
1194 4783 1295 4849 margin
1323 4799 1366 4835 are
1387 4785 1474 4836 drawn
1502 4801 1518 4837 a

500 4863 510 4892 ⁸
525 4858 688 4926 sepeliendus]
708 4859 802 4910 Added
815 4859 842 4910 in
854 4875 934 4927 marg.
991 4845 995 4876 ¹
1015 4859 1088 4911 mitre
1099 4862 1150 4911 end
1159 4861 1261 4924 croaier,
1272 4865 1396 4915 reversed.

502 4941 553 4990 'ia
564 4937 673 5006 hyda
691 4975 698 4991 .
716 4939 868 5006 decamus]
883 4940 924 4992 On
936 4956 968 4992 an
1049 4942 1069 4972 ¹⁹
1084 4939 1289 5010 mandatela]
1316 4944 1517 5010 eomendebilia,

466 5033 574 5072 erasure.
608 5019 640 5070 In
660 5018 702 5071 the
721 5018 822 5086 margin
840 5018 863 5070 is
881 5021 969 5070 drawn
993 5066 996 5098 1
1016 5021 1073 5074 MS.
