4242 6159
667 1104 715 1156 nn
738 1103 896 1156 raucone
919 1104 1020 1156 nuere
1043 1105 1198 1169 neumas,
1221 1107 1287 1158 vm.
1311 1107 1432 1158 aaran.
1500 1094 1565 1158 483

521 1280 563 1348 dc
596 1280 705 1348 medio
737 1280 917 1348 tolleretur.
972 1279 1113 1347 Vocavit
1145 1281 1251 1368 igitar
1288 1303 1364 1348 cum
1399 1282 1445 1348 nd
1476 1284 1566 1370 pacis
1578 1291 1648 1346 Aa).
1661 1299 1733 1347 12⁴4.

520 1383 727 1470 colloquium,
753 1391 793 1450 ut
825 1390 920 1451 tutus
951 1383 1012 1450 sub
1045 1384 1212 1450 conductu
1244 1384 1387 1473 episcopi
1419 1385 1567 1473 Bangor·

520 1488 651 1568 nensis3
683 1493 717 1553 et
748 1487 794 1553 sic
825 1492 958 1574 ceptum
982 1487 1071 1551 dicto
1094 1487 1166 1573 regi
1197 1487 1419 1574 praesentavit,
1442 1489 1501 1574 qui
1531 1488 1566 1552 in

519 1590 606 1656 turri
620 1590 864 1658 Londoniarum
881 1589 1047 1662 commisit
1060 1590 1322 1656 custodiendum.
1362 1590 1442 1655 Una
1463 1591 1568 1678 igitur

519 1693 675 1771 noctium,
699 1693 778 1759 dum
812 1715 846 1760 se
869 1694 1060 1759 demitteret
1093 1714 1152 1778 per
1173 1693 1256 1759 linea
1279 1694 1320 1759 de
1343 1693 1566 1758 lintheamini-

519 1795 581 1862 bus
602 1795 717 1876 factos,
740 1795 859 1862 cecidit
890 1798 930 1862 de
961 1796 1057 1872 turri,
1080 1801 1115 1861 et
1145 1795 1200 1876 sic,
1223 1794 1335 1862 fractis
1362 1794 1563 1872 cervicibus,¹

520 1899 706 1987 expiravit²

590 2169 734 2236 Factum
758 2175 803 2236 eat
826 2169 950 2236 coiecto
973 2168 1015 2236 iu
1038 2167 1174 2235 eccleeio
1196 2167 1317 2236 Socrati
1339 2167 1480 2235 Albani.

560 2307 660 2372 Anno
692 2327 823 2392 quoque
860 2307 922 2372 sub
959 2306 1073 2372 eodem
1111 2305 1294 2373 consectum
1328 2309 1379 2372 eet
1413 2309 1562 2372 nonaum
1577 2314 1706 2384 uneholy

515 2409 632 2476 crisme
653 2409 741 2496 apud
757 2407 916 2476 Sanctum
930 2407 1109 2487 Albanum,
1125 2408 1163 2474 in
1184 2408 1319 2474 ecclesia
1340 2407 1560 2486 conventuali,
1575 2382 1685 2500 {fflt

515 2511 557 2578 ab
590 2512 738 2599 episcopo
773 2511 994 2580 Hertfertcnsi
1015 2513 1171 2580 Johanne
1202 2512 1437 2600 sollempniter,
1461 2516 1563 2600 prout
1577 2516 1732 2569 starum.

516 2615 617 2682 moris
639 2621 695 2682 cst

583 2891 718 2958 Rumor
736 2911 800 2978 per
821 2887 1049 2956 Beritlreuaem
1071 2889 1266 2978 epiecopum
1288 2889 1496 2976 dioulpatus.

561 3029 606 3096 Et
643 3030 723 3094 dum
760 3037 910 3116 tempora
946 3029 1162 3098 volverentur
1197 3029 1430 3115 hujuscemodi,
1469 3031 1721 3163 venitm

515 3134 684 3222 episcopus
707 3133 907 3198 Birithensis
929 3133 966 3198 in
987 3133 1155 3220 Angliam,
1179 3131 1699 3246 Walerannusnominethffioly

514 3237 610 3304 nobis
635 3236 790 3324 lugubres
822 3257 969 3302 rumores
1001 3236 1042 3302 de
1072 3237 1175 3301 Terra
1210 3234 1383 3323 [Sancta]³
1406 3236 1648 3318 desercosanae

814 3391 908 3400 ...—-.
933 3391 1029 3398 .-.--

547 3471 553 3500 ¹
571 3467 718 3533 amathus]
737 3467 861 3528 cervibns,
872 3465 929 3518 MS.
1062 3466 1113 3515 luzo
1128 3463 1230 3532 prolabi
1242 3467 1363 3531 parabit,
1381 3466 1563 3520 dr'uriarulanda.

545 3549 715 3614 2οιηιιρινὶεηιι
739 3584 845 3598 .....
870 3547 1007 3612 expiravit]
1064 3545 1284 3611 Subieruatipitur
1294 3545 1364 3597 multi
1380 3546 1505 3598 Waleum
1521 3565 1564 3599 aa·

513 3627 576 3677 This
593 3635 647 3678 text
664 3627 686 3678 is
704 3626 848 3677 vrittenon
866 3641 881 3675 a
897 3626 967 3690 piece
983 3626 1014 3675 of
1062 3642 1131 3674 amen
1148 3624 1238 3674 domim
1256 3627 1320 3691 repis
1337 3625 1440 3691 Aaplr'a.
1477 3627 1564 3694 Serip-

512 3707 605 3756 vellum
623 3709 710 3772 posted
729 3708 803 3756 down
821 3720 882 3755 over
900 3706 943 3755 the
960 3705 1010 3755 ori-
1062 3712 1111 3753 tura
1134 3705 1216 3769 icitur,
1239 3705 1303 3768 qruod
1328 3707 1434 3770 confecit
1457 3706 1564 3771 Seneca,

512 3786 589 3850 ginal,
606 3788 657 3836 and
672 3786 745 3837 when
773 3785 862 3848 raised,
885 3801 923 3833 ve
950 3787 1009 3834 read
1062 3801 1124 3833 uror
1138 3783 1249 3848 Griffi'm,
1262 3783 1343 3834 etalii
1358 3794 1429 3836 terra
1439 3796 1564 3852 mapaatm

512 3865 577 3926 thus,
596 3867 742 3930 comperient
749 3866 858 3928 srotreru
874 3879 943 3912 auum
954 3865 1009 3927 pri·
1068 3862 1224 3924 walensium,
1235 3871 1258 3914 et
1275 3863 1329 3914 alia
1345 3866 1439 3930 scripta
1462 3867 1560 3934 [mart]

510 3946 648 4010 reperirem
675 3944 813 4009 Grffliaum,
831 3943 873 3992 cui
894 3941 962 3991 raulti
980 3941 1009 3990 de
1060 3941 1233 4009 obaid[r'buat]
1263 3943 1415 4009 oblipaton'a,
1444 3947 1470 3996 ia
1501 3945 1563 3997 libra

511 4023 664 4075 nobilioribus
712 4022 807 4073 Wallioe
849 4021 1008 4084 adheserant,
1061 4021 1472 4074 Additamentorumiaoeaiantur.
1490 4063 1497 4077 .

511 4101 654 4154 caledixms
678 4101 764 4164 smnio,
790 4112 817 4152 ut
847 4103 922 4152 tutius
944 4101 1009 4152 uolua
1060 4101 1117 4152 Tha
1136 4102 1248 4152 chartera
1268 4103 1329 4152 hera
1346 4103 1502 4166 referrcdto,
1519 4120 1562 4156 are

510 4190 629 4248 reptaret,
650 4183 799 4249 riyrrficaoit
814 4181 907 4232 domino
925 4198 1009 4246 papa,
1060 4181 1149 4230 notin
1175 4181 1219 4230 the
1240 4181 1343 4232 “Liber
1369 4182 1562 4236 Additamento·

509 4261 573 4326 qaod
588 4260 687 4311 libenter
702 4261 734 4310 ab
751 4263 803 4328 ἰρεο
816 4259 930 4310 Walliam
947 4268 1008 4310 tene-
1060 4261 1144 4321 rum,’'
1161 4262 1206 4311 but
1225 4261 1253 4310 in
1271 4262 1301 4312 B.
1314 4261 1343 4312 C.
1360 4262 1412 4324 (ed.
1423 4263 1504 4326 Wata,
1520 4281 1561 4330 pp.

510 4349 554 4402 ret,
566 4339 675 4391 adoratio
692 4340 766 4392 eidem
777 4340 899 4404 quandam
911 4348 1008 4399 certam,
1061 4345 1118 4400 624,
1137 4341 1208 4404 625.)
1242 4339 1305 4391 Itis
1322 4342 1485 4404 remarkable,
1507 4345 1562 4397 that

510 4428 538 4469 ut
566 4421 660 4484 fertur,
690 4423 801 4485 pecunia
842 4422 1008 4484 quantitatem.
1060 4417 1182 4469 Matthev
1204 4419 1278 4469 Paris
1300 4419 1393 4471 should
1414 4422 1479 4473 have
1502 4439 1562 4475 can-

513 4499 563 4550 Cui
572 4517 625 4550 oum
636 4517 708 4567 papa
725 4503 803 4550 anum
815 4501 917 4566 savaria
933 4516 1008 4564 appe·
1059 4498 1140 4549 celled
1156 4498 1199 4549 the
1219 4501 1356 4566 preceding
1377 4503 1511 4565 narrative,
1533 4505 1562 4555 in

509 4581 604 4638 ruisset,
632 4581 777 4644 affimativa
805 4577 945 4628 instillatum
973 4588 1010 4630 eat
1059 4579 1133 4628 order
1154 4584 1181 4628 to
1198 4580 1331 4631 substitute
1353 4582 1458 4632 another
1475 4583 1562 4634 which

509 4659 610 4708 auribus
638 4659 698 4723 pur,
720 4658 784 4722 quod
809 4667 936 4723 antequam
965 4657 1008 4708 boc
1059 4658 1142 4708 isout
1157 4658 1189 4707 οἰ
1200 4659 1280 4722 place,
1297 4662 1347 4710 and
1363 4663 1445 4726 partly
1461 4664 1524 4730 only
1545 4681 1562 4714 a

509 4737 657 4800 toleraretur,
688 4739 837 4804 incorporent
870 4740 896 4786 in
930 4738 1007 4802 iprum
1058 4737 1193 4802 repetition
1204 4739 1234 4788 of
1248 4738 1318 4790 what
1334 4739 1381 4790 hau
1396 4742 1460 4792 been
1476 4743 1561 4794 before

504 4833 599 4884 papam
621 4816 688 4866 milia
706 4815 803 4878 milium,
822 4833 851 4866 nc
870 4815 1007 4886 haesitent,
1060 4817 1267 4868 namtedunder
1282 4821 1407 4870 1240and
1427 4827 1498 4884 1241,
1511 4825 1561 4874 and

509 4894 689 4948 reclamantium
700 4905 724 4945 et
735 4897 820 4962 capita
836 4895 924 4962 pladite
935 4913 1007 4961 espo-
1060 4896 1087 4945 in
1115 4896 1158 4945 the
1186 4895 1289 4962 chapter
1312 4897 1483 4966 immediately
1505 4917 1560 4967 pre·

509 4977 619 5025 nentium.
656 4973 737 5040 Super
748 4992 794 5039 quo
804 4992 858 5024 eum
867 4991 940 5040 papa
956 4991 1008 5025 cer·
1060 4975 1159 5039 ceding.
1194 4975 1234 5026 Cf.
1245 4993 1285 5042 pp.
1298 4983 1355 5036 431,
1368 4983 1424 5028 ⁴53.

509 5055 837 5120 tifiraretur,courrioentibua
845 5055 920 5106 ocutis
928 5057 1006 5106 omnio
1028 5100 1030 5115 ,
1093 5057 1103 5084 ³
1122 5055 1230 5121 Sancta]
1250 5056 1371 5120 Supplied
1382 5059 1447 5108 nom
1458 5060 1489 5110 B.
1502 5061 1530 5112 C.

1307 5142 1426 5204 nni
