4242 6159
544 1015 608 1080 228
676 1028 839 1078 MA'l'l'HAEI
863 1025 1076 1077 PARISIENSIS
1098 1025 1261 1075 HISTORIA
1283 1024 1487 1077 saccom.

375 1211 445 1264 nl).
458 1213 530 1262 121⁸·
543 1209 730 1272 transverso
766 1203 913 1268 fluminis
949 1202 1209 1291 protendebatur
1246 1223 1350 1289 usque
1385 1201 1431 1268 ad
1467 1200 1590 1278 urbem,

377 1300 492 1353 “Md
544 1328 640 1395 super
661 1307 759 1372 aliam
781 1305 887 1394 ripam
907 1305 1054 1394 ejusdem
1076 1305 1224 1371 fluminis
1238 1305 1463 1371 constitutam.
1510 1301 1592 1370 Haec

377 1368 527 1487 gibilinus.
545 1413 657 1475 autem
686 1409 789 1476 turris
818 1431 891 1475 cum
926 1409 1077 1490 cathena,
1099 1407 1247 1474 omnium
1273 1407 1400 1493 jndicio
1431 1413 1510 1473 ante
1536 1407 1593 1472 ob-

545 1513 704 1578 sidionem
731 1511 894 1578 Damietre
924 1510 1032 1578 fuerat
1063 1510 1278 1597 subjuganda.
1325 1510 1493 1597 Principes
1514 1531 1591 1574 vero

545 1612 696 1680 rnilitiael
732 1613 929 1680 Christiana
964 1613 1004 1679 de
1036 1613 1189 1700 captione
1221 1614 1292 1702 ejus
1323 1612 1421 1679 valde
1452 1611 1592 1688 solliciti,

545 1717 701 1782 viderunt
722 1738 794 1782 eam
816 1716 888 1804 capi
913 1738 981 1782 non
1010 1737 1105 1803 posse
1126 1715 1221 1795 fame,
1243 1720 1378 1802 propter
1399 1715 1492 1781 urbis
1513 1715 1594 1780 vici·

544 1819 694 1896 nitatem,
717 1839 823 1904 neque
846 1817 1047 1898 suffossione,
1062 1823 1198 1906 propter
1219 1840 1315 1904 aquae
1336 1819 1592 1899 circumfluente,

544 1943 650 2009 neque
680 1921 808 1987 insultu
834 1921 1062 2008 petrariarum,
1087 1921 1166 2007 quia
1187 1943 1263 1987 curn
1284 1921 1393 1987 fuerat
1415 1925 1594 2008 attempta-

543 2031 626 2103 tum,
656 2029 790 2112 propter
822 2013 1051 2090 remotionem¹
1068 2023 1154 2089 nihil
1185 2022 1400 2110 profecerunt
1445 2023 1531 2090 Sane
1556 2023 1593 2088 in

543 2127 604 2193 hoc
637 2127 772 2193 tandem
810 2147 922 2191 omnes
958 2125 1084 2214 pariter
1121 2131 1357 2192 consenserunt
1390 2125 1511 2206 fideles,
1543 2131 1591 2206 ut,

544 2231 673 2317 magnis
695 2228 839 2294 navibm
861 2228 959 2297 simul
981 2229 1151 2316 colligatis,
1174 2229 1211 2294 in
1233 2230 1394 2296 malorum
1425 2231 1594 2296 summita-

544 2334 636 2398 tibus
667 2332 769 2398 scalas
801 2336 1035 2419 praepararent,
1065 2338 1100 2396 et
1133 2332 1169 2395 in
1196 2331 1243 2397 eis
1265 2332 1451 2398 balistarios
1473 2333 1594 2399 consti·

1603 2126 1774 2206 RogWend,

1641 2210 1676 2245 rr.
1690 2200 1733 2245 38.

546 2440 679 2501 tuerent
711 2440 744 2500 et
778 2439 931 2510 armatos,
962 2439 1003 2500 ut
1034 2433 1071 2500 in
1102 2434 1262 2501 eminenti
1284 2436 1460 2502 constituti
1482 2441 1613 2502 contra

545 2537 694 2606 infideles
715 2540 753 2603 in
774 2537 1026 2626 propugnaculis
1055 2537 1159 2603 turris
1185 2538 1387 2607 excubantes
1408 2561 1430 2604 a
1451 2540 1524 2627 pari
1547 2540 1614 2605 di-.

546 2643 712 2708 micarent.
773 2640 876 2707 Scalae
913 2661 991 2706 vero
1030 2639 1123 2707 ducis
1157 2641 1303 2708 Austriae
1341 2647 1376 2709 et
1410 2642 1613 2730 Hospitalis.

547 2745 676 2810 obrutas
712 2744 749 2808 in
785 2742 909 2809 flumen
946 2743 1107 2822 cadentes,
1142 2766 1215 2810 cum
1253 2744 1321 2810 suis
1358 2745 1615 2834 pugnatoribus·
1652 2747 1658 2760 '

547 2846 724 2934 perierunt,
748 2851 783 2912 et
804 2845 851 2912 sic
873 2845 1056 2912 Christiani
1077 2847 1153 2934 igne
1175 2847 1289 2913 Graeco
1318 2853 1354 2913 et
1384 2849 1517 2937 spiculis
1545 2848 1614 2912 in-·

547 2951 701 3016 toxicatis
722 2950 968 3015 adversantium
994 2951 1101 3040 primo
1132 2950 1239 3016 multa
1269 2951 1500 3018 sustinuerunt
1521 2973 1616 3016 cum·

547 3053 697 3140 dampnis
719 3052 927 3118 detrimenta

665 3349 716 3416 Dc
739 3347 946 3415 miraculoso
972 3347 1127 3437 ceptione
1150 3347 1262 3415 trcrma
1287 3339 1478 3416 Douriotoes

381 3511 507 3564 amesae
592 3497 749 3575 Tandem,
772 3497 965 3563 necessitate
996 3497 1194 3562 industriam
1226 3498 1391 3575 edocente,
1414 3498 1594 3565 Theutoni-

379 3578 536 3709 {ffieffpl
548 3623 659 3668 corum
681 3623 720 3666 ac
743 3600 916 3665 Frisonum
948 3600 1144 3687 sumptibus,
1166 3600 1288 3688 peritia
1318 3608 1352 3667 et
1377 3601 1496 3679 labore,
1519 3602 1593 3669 duae

382 3713 520 3764 iocarer.
548 3705 703 3770 maximae
734 3723 874 3792 cogones
904 3703 1162 3782 concathenatae,
1193 3705 1230 3768 in
1262 3704 1383 3790 quibus
1408 3702 1494 3772 iiii⁰¹.
1516 3705 1615 3796 mali·

1633 3446 1674 3498 Cf.
1686 3445 1758 3514 Rog.

1601 3549 1611 3568 .
1645 3513 1742 3564 Wend.

1621 3579 1764 3632 iasa-41.

1608 3681 1615 3694 ·
1633 3664 1677 3717 iol
1688 3669 1737 3715 104
1749 3664 1775 3716 b.

549 3809 730 3895 eriguntur,
755 3827 829 3872 cum
852 3806 920 3872 suis
942 3806 1139 3872 rudentibus
1162 3812 1197 3873 et
1218 3808 1372 3874 antennis
1386 3808 1485 3874 tectis
1503 3809 1617 3874 corib-

550 3911 688 3990 bovinis,
704 3908 906 3974 adhibentur
927 3909 971 3974 ad
993 3909 1114 3974 turrim
1129 3913 1351 3977 memoratam.
1396 3910 1497 3992 Tunc,
1513 3911 1617 3978 facto·

549 4013 676 4079 insultu
708 4012 872 4091 acerrimo,
903 4010 1036 4098 jacebat
1072 4012 1260 4100 patriarcha
1296 4033 1371 4078 cum
1405 4014 1490 4080 clero
1521 4019 1620 4080 ante.

549 4117 677 4203 lignum
701 4115 815 4182 Crucis
848 4115 885 4178 in
918 4114 1075 4193 oratione,
1107 4114 1280 4203 praelibato
1300 4114 1437 4201 jejunio.
1482 4117 1619 4183 Jactus·

550 4224 601 4286 est
633 4220 670 4283 in
700 4216 886 4284 machinam
908 4217 995 4304 ignis
1017 4217 1159 4296 omos,
1182 4217 1241 4284 sed
1263 4219 1430 4284 orantium
1452 4219 1619 4285 fidelium·

550 4323 693 4388 lacrimae
715 4317 905 4386 incendium
928 4320 1151 4386 extinxerunt.
1198 4320 1373 4387 Nostrates
1404 4327 1517 4388 autem
1547 4324 1619 4388 usi·

550 4424 689 4513 flagellis
733 4421 854 4501 ferreis,
900 4421 1008 4509 capita
1052 4421 1305 4489 sarracenorum
1351 4423 1618 4504 contriverunt.²·

552 4528 697 4595 Tandem
729 4525 918 4593 Sarracenis
948 4526 985 4590 in
1019 4525 1206 4593 defensione
1239 4525 1476 4609 deficientibus,
1501 4528 1599 4595 collo·

587 4826 593 4856 ¹
606 4821 709 4889 militia]
727 4821 805 4883 mille,
818 4821 874 4872 MS.
1096 4817 1243 4869 asterwards
1259 4823 1345 4872 erased
1358 4823 1414 4888 (yet
1425 4823 1474 4873 still
1487 4822 1599 4889 legible).

585 4900 783 4966 ²contriveruar]
808 4900 884 4950 Alter
903 4897 956 4947 this
975 4898 1052 4958 word,
1097 4898 1165 4948 “sed
1176 4905 1201 4947 et
1211 4898 1249 4948 sic
1260 4900 1350 4950 turrim
1367 4903 1444 4954 libere
1461 4904 1488 4953 iu
1505 4918 1550 4956 sue
1560 4919 1598 4953 re·

553 4985 671 5036 hasbeen
689 4983 768 5034 added
784 4981 812 5032 in
829 4979 871 5029 the
886 4981 999 5046 margin,
1009 4977 1053 5028 bnt
1096 4977 1240 5042 ceperunt”

1611 4537 1677 4616 Rog.

1645 4621 1681 4654 ιν.
1697 4613 1742 4658 4..

1678 4537 1781 4641 Ψξῑιᾱ.
