4242 6159
577 949 599 1011 8
709 956 874 1010 MA'HHAEI
896 955 1110 1008 enauimus
1131 953 1295 1006 HISTORIA
1316 951 1517 1006 menonem

405 1147 479 1202 an.
494 1134 643 1204 neaniai
658 1135 695 1201 in
717 1139 828 1201 mente
851 1133 976 1200 babeat
996 1135 1203 1198 sacramenta
1224 1135 1338 1196 tenere
1352 1150 1427 1216 quoe
1449 1127 1534 1196 feeit
1581 1127 1628 1193 Et

577 1241 649 1327 ipse
670 1236 850 1325 respondit,
865 1257 901 1302 se
922 1256 981 1323 per
1007 1233 1171 1300 auxilium
1193 1232 1261 1300 Dei
1283 1232 1371 1299 bona
1391 1231 1458 1298 fide
1473 1231 1628 1298 observa-

578 1348 693 1409 turum
722 1339 835 1407 omnia
867 1336 1066 1425 supradicta
1111 1334 1242 1402 Deinde
1270 1331 1424 1402 aaronem
1458 1333 1500 1400 de
1529 1333 1628 1400 altari

577 1443 741 1531 accipiens
762 1463 824 1508 rex
852 1438 994 1508 tradidit
1024 1438 1273 1526 arehiepiseopo,
1303 1459 1403 1525 quam
1432 1437 1501 1524 ipse
1525 1435 1628 1524 capiti

576 1546 664 1634 regis
692 1543 861 1633 imposuit,
883 1548 1050 1631 seeptrum
1079 1541 1117 1608 in
1146 1562 1247 1607 manu
1273 1540 1419 1618 dextera,
1441 1545 1476 1608 et
1496 1539 1627 1628 virgam

578 1648 722 1737 regalem
750 1647 789 1712 in
810 1645 955 1714 sinistra
1000 1645 1047 1712 Et
1077 1645 1124 1710 sie
1153 1647 1328 1711 coronatus
1357 1643 1476 1709 duetus
1504 1646 1556 1708 est
1584 1641 1626 1708 ab
1639 1653 1816 1734 Itofflend.

577 1750 739 1839 episeopis
760 1755 796 1816 et
817 1747 1007 1827 baronibus,
1020 1746 1284 1835 praecedentibus
1306 1743 1520 1822 candelabris,
1535 1765 1628 1810 cruee
1683 1735 1722 1772 ¹¹¹·
1737 1727 1767 1774 ⁷·

579 1852 746 1920 et'tribus
767 1851 890 1941 gladiis
915 1847 1154 1938 supradietis;¹
1179 1853 1214 1914 et
1236 1848 1368 1938 ineepta
1393 1852 1445 1914 est
1466 1847 1542 1914 ilico
1564 1845 1646 1917 sol-.

579 1956 720 2043 lampaia
734 1954 902 2021 festivitas
922 1953 1032 2020 missae
1053 1950 1278 2019 celebrandae?
1321 1949 1368 2017 Et
1382 1949 1479 2018 eum⁸
1491 1971 1647 2039 perveu·.

579 2065 653 2126 tum
675 2057 794 2124 fuisset
815 2055 860 2122 ad
881 2054 1087 2122 offertorium
1105 2053 1225 2137 missae,
1247 2052 1379 2141 praemii
1400 2053 1466 2119 duo
1488 2052 1630 2141 episeopi

579 2163 749 2228 duxerunt
773 2180 848 2226 eum
869 2158 914 2224 ad
937 2157 1150 2238 offerendum,
1175 2163 1210 2224 et
1234 2153 1406 2245 [iterum]⁴
1428 2155 1632 2223 reduxerunt

581 2262 734 2330 similiter
755 2259 800 2326 ad
821 2259 956 2348 paeana‘
1000 2259 1158 2340 Tandem,
1178 2259 1279 2325 missa
1292 2259 1474 2347 gaudenter
1488 2262 1631 2338 tentata,
1651 2341 1653 2344 Ι

576 2370 618 2432 et
638 2363 792 2432 omnibus
814 2362 878 2428 rite
900 2362 1050 2449 peractis,
1064 2361 1235 2450 saepedieti
1258 2360 1325 2428 duo
1346 2361 1490 2450 episeopi
1511 2361 1631 2428 redux·

582 2470 682 2534 errmt
695 2487 772 2532 eum
785 2469 989 2544 coronatum,
1005 2468 1172 2552 seeptrum
1193 2463 1231 2528 in
1253 2464 1381 2544 dextra,
1396 2463 1539 2552 regalem
1553 2485 1633 2530 vero

582 2570 713 2657 virgam
731 2567 769 2633 in
790 2565 925 2632 sinistra
946 2565 1175 2653 bajulantem
1197 2572 1241 2647 et,
1256 2566 1409 2632 ordinata
1422 2567 1632 2655 processione,

583 2671 620 2736 in
651 2670 788 2736 eborum
809 2669 931 2736 reversi
964 2673 1052 2735 sunt
1099 2667 1173 2749 Quo
1203 2689 1278 2734 eum
1307 2668 1542 2756 pervenissent,
1563 2691 1632 2750 rex,

584 2772 742 2862 depositis
778 2770 944 2859 regalibus
981 2771 1196 2850 indumentis,
1232 2770 1371 2837 leviores
1405 2791 1559 2839 coronam
1596 2777 1632 2838 et

416 2882 533 2945 amque
584 2879 693 2942 vestes
716 2895 895 2956 resumens,
916 2873 1064 2962 perrexit
1084 2873 1129 2940 ad
1150 2873 1334 2961 prandium
1380 2871 1451 2940 Ubi
1472 2873 1650 2962 arehiepi-

416 2947 558 3082 ξὲῗωῐξζγ,
583 2999 701 3067 seepua
716 2976 965 3044 Cantuariensis
978 2976 1015 3043 in
1037 2976 1248 3044 eminentiori
1270 2976 1350 3060 loeo,
1365 2975 1490 3043 seilicet
1512 3000 1534 3043 a
1554 2975 1649 3042 dex·-

583 3080 646 3148 tris
681 3079 779 3168 regis,
817 3084 853 3146 et
888 3083 1004 3167 postea
1039 3079 1099 3145 alii
1137 3078 1370 3168 archiepiseopi
1407 3083 1443 3146 et
1478 3079 1650 3168 episeopi·

583 3183 720 3250 eomites
741 3187 777 3249 et
801 3181 948 3263 barones,
971 3181 1152 3248 seeundum
1175 3201 1272 3247 suum
1294 3180 1443 3248 ordinem
1466 3187 1501 3248 et
1525 3181 1633 3270 digni·

584 3290 699 3367 tatem,
713 3306 789 3352 eum
811 3283 898 3351 clero
915 3288 950 3349 et
972 3275 1103 3371 populo,
1124 3283 1169 3348 ad
1183 3305 1328 3350 mensam
1350 3284 1507 3362 collocati,
1521 3284 1633 3372 epula

584 3389 709 3456 bantur
730 3384 902 3474 splendide
933 3392 969 3452 et
1000 3390 1183 3473 gratanter.
1226 3386 1314 3453 Aeta
1344 3391 1456 3454 autem
1486 3388 1557 3454 haec
1578 3387 1632 3452 die

446 3514 543 3579 asepa
586 3489 769 3570 Dominis,
792 3487 855 3553 iiio.
877 3509 983 3554 nouas
1006 3487 1219 3575 Septembris
1266 3487 1383 3556 Officia
1419 3489 1650 3578 praelatorum·

586 3599 621 3660 et
642 3595 843 3678 magnatum,
867 3610 942 3677 quae
964 3590 1007 3657 ab
1036 3591 1175 3678 antiquo
1192 3590 1269 3678 jure
1290 3596 1325 3657 et
1340 3592 1575 3659 consuetudine
1595 3593 1652 3659 iu·

586 3715 701 3783 regum
721 3693 990 3760 eorouationibns
1011 3693 1076 3760 sibi
1095 3693 1275 3761 venditant
1308 3700 1343 3761 et
1374 3695 1480 3762 faeere
1502 3694 1653 3774 debent,-

587 3799 624 3864 iu
648 3794 781 3863 Rutulis
803 3794 963 3898 Seaeearii
984 3800 1143 3885 poterunt
1164 3793 1322 3884 reperiri⁶

622 4072 804 4141 'euprudr'etisJ
838 4075 871 4126 In
904 4075 935 4127 B.
964 4093 1040 4144 aurp.
1063 4076 1087 4127 ir
1165 4079 1176 4108 ⁸
1183 4077 1283 4144 parem]
1304 4077 1339 4128 So
1350 4077 1403 4129 also
1414 4077 1443 4128 in
1454 4077 1484 4130 lt,
1518 4078 1550 4129 In
1567 4078 1630 4129 Ben.

588 4152 725 4214 addetam
739 4152 1047 4215 redamandus&
1132 4155 1201 4208 Aba,
1212 4172 1237 4222 p.
1249 4160 1307 4218 stt,
1322 4158 1373 4208 and
1392 4156 1525 4220 Heroden,
1536 4159 1632 4221 peti,

621 4233 632 4262 ²
635 4232 850 4297 suavitatum
856 4231 1018 4301 ιεὶιῠνωιάω]
1033 4235 1088 4286 Ad·
1134 4251 1173 4287 we
1184 4235 1250 4288 bare
1262 4235 1347 4287 eedem·

589 4309 637 4361 ded
648 4310 676 4359 in
687 4325 767 4377 marg.
1167 4318 1177 4346 ⁸
1187 4317 1270 4382 officia
1281 4353 1289 4367 .
1301 4354 1308 4367 .
1321 4352 1328 4367 .
1340 4353 1346 4366 .
1363 4315 1482 4383 reperiri]
1501 4315 1596 4368 Added
1607 4317 1634 4366 in

622 4389 709 4456 ἀπ]
729 4390 824 4442 Added
836 4391 865 4440 iu
881 4405 962 4457 marg.
1135 4409 1215 4461 marg.
1222 4396 1273 4446 and
1280 4394 1391 4446 inserted
1397 4395 1425 4444 iu
1431 4402 1488 4446 text
1495 4396 1527 4446 os
1531 4397 1562 4446 F.
1579 4395 1637 4447 The

623 4468 744 4535 ⁴iterata]
763 4469 883 4535 supplied
905 4470 971 4521 from
991 4469 1035 4524 W.
1057 4471 1090 4523 B.
1136 4473 1588 4540 womsinRoale...repeririare
1603 4491 1635 4526 on

592 4545 622 4598 0.
633 4545 665 4598 F.
698 4545 844 4615 Originally
854 4549 956 4600 written
969 4558 994 4600 et
1003 4550 1091 4601 redur-
1137 4569 1170 4604 nu
1188 4568 1297 4616 erasure,
1314 4555 1367 4605 and
1385 4561 1436 4605 tvo
1446 4569 1476 4604 or
1486 4553 1556 4606 three
1564 4555 1638 4606 other

592 4625 708 4677 autad
716 4625 873 4693 wanden,
883 4631 930 4681 but
939 4631 1044 4682 marked
1051 4631 1092 4682 fer
1138 4633 1203 4684 lines
1217 4634 1248 4684 ot
1260 4632 1364 4700 wddug
1381 4633 1447 4686 have
1465 4635 1528 4686 been
1548 4635 1637 4686 oblite-

591 4706 775 4772 tranrpositien.
1139 4713 1217 4764 rated.
