4242 6159
720 1067 767 1122 us
789 1069 949 1122 rsurrouu
971 1071 1073 1123 auore
1094 1071 1276 1123 romuurs
1458 1057 1521 1127 179

469 1367 606 1454 Fupom
629 1367 719 1436 istit
745 1376 841 1437 caute
865 1377 896 1437 et
921 1370 1016 1437 cessit
1042 1369 1195 1438 deodati
1219 1391 1279 1438 rea
1304 1372 1600 1460 normamque.
1615 1395 1687 1444 raro.

237 1564 242 1591 .
293 1525 457 1604 Rqfflend,
515 1517 598 1584 Erat
619 1524 732 1585 autem
758 1526 838 1586 tunc
863 1542 923 1586 rex
949 1519 1121 1586 Johannes
1144 1519 1233 1606 apud
1255 1520 1421 1586 Doveram
1446 1539 1654 1590 eumuohnre«

317 1609 354 1642 ¹¹¹·
367 1599 428 1644 ³⁶⁸·
450 1623 619 1688 ,exemitu
642 1644 710 1700 suo,
733 1623 791 1688 sed
816 1622 973 1709 quonism
998 1621 1202 1709 alienigenis,
1226 1623 1348 1709 quibus
1374 1625 1411 1688 in
1440 1608 1687 1725 arti-ffiffl

237 1722 249 1771 ³
450 1723 543 1790 .culo
566 1725 701 1790 minime
728 1725 927 1790 eredendum
951 1730 1010 1803 est,
1037 1725 1262 1812 stipendiariis
1285 1725 1429 1791 vallatus
1451 1711 1687 1806 fue-lavin'gtue

470 1832 531 1906 rat,
557 1827 730 1896 bodowico
760 1828 940 1916 applicasti
970 1850 1037 1894 non
1068 1833 1119 1894 est
1147 1850 1247 1894 aursus
1277 1850 1451 1909 occurrere,
1479 1808 1687 1941 nefflffidy

470 1930 554 1996 forte
590 1931 654 2019 ipsi
691 1932 912 2011 transmarini,
949 1931 986 1997 in
1019 1932 1213 1998 neoessitaua
1251 1953 1289 1998 eo
1323 1934 1447 2012 relicto,
1478 1937 1562 2000 ador
1574 1943 1674 1992 Hubert

472 2033 682 2100 Lodowieum
698 2035 957 2101 transmarinum
970 2056 1040 2102 sese
1055 2035 1278 2101 transferrent.
1324 2035 1424 2102 Unde
1438 2060 1521 2124 prae·
1532 2010 1563 2060 ‘¹⁰
1574 2009 1672 2074 Burgi.

471 2136 571 2224 elegit
600 2137 644 2202 ad
667 2143 797 2225 tempus
827 2139 947 2217 cedere,
974 2159 1074 2224 quam
1103 2136 1301 2225 proditionis
1328 2139 1458 2205 casibus
1486 2163 1521 2206 se

471 2242 683 2319 summittere,
711 2263 831 2328 anceps
855 2246 1020 2306 certamen
1047 2242 1198 2308 ineundo.
1256 2241 1358 2328 Fugit
1388 2241 1519 2330 [ergo]¹

470 2364 529 2408 rex
552 2344 576 2410 J
580 2341 758 2432 [ohannes]
789 2366 811 2411 a
839 2345 921 2410 faeie
952 2344 1128 2423 Lodowiei,
1159 2344 1349 2430 relinquens
1377 2351 1520 2411 astrum

470 2445 659 2514 Dovsrense
695 2447 757 2513 sub
789 2448 940 2514 custodia
971 2447 1116 2514 Huberti
1152 2449 1194 2514 de
1223 2448 1345 2535 Burgo,
1374 2448 1410 2512 in
1445 2471 1520 2535 quo,

449 2554 629 2637 anquam
652 2551 689 2615 in
703 2551 901 2630 fidelissime,
920 2551 1107 2617 confidebat
1124 2573 1181 2618 eor
1199 2551 1311 2632 illius;
1334 2550 1417 2616 illud
1432 2553 1520 2616 enim

449 2658 612 2719 -esstrum
636 2655 730 2740 quasi
756 2654 858 2720 clavis
884 2659 935 2720 est
954 2655 1095 2740 Angliee,
1122 2660 1158 2720 et
1183 2654 1375 2741 repagulum
1406 2659 1521 2720 eontra

448 2757 636 2843 .impetus²
670 2757 936 2844 alienigenarum.
988 2756 1059 2822 Neo
1085 2757 1226 2822 cessavit
1255 2757 1368 2844 fugere
1397 2757 1520 2844 raptim

378 2903 383 2914 ·
468 2881 637 2946 usqueque
665 2860 709 2926 ad
740 2860 931 2939 Guldeford
959 2865 994 2925 et
1020 2860 1099 2927 inde
1133 2859 1177 2925 ad
1207 2859 1415 2926 Wintoniarn
1445 2881 1518 2946 per·

467 2964 622 3030 venisset.

470 3219 625 3303 Qualiter
638 3217 806 3286 adamatus
821 3215 1015 3286 Lodouriui³
1035 3215 1156 3304 primo
1173 3215 1288 3304 fuerit
1305 3215 1519 3302 forturuotua

295 3377 457 3446 Roawend·
514 3369 706 3435 Lodowicus
728 3391 816 3450 vero,
844 3391 918 3434 oum
945 3368 1112 3434 neminem
1134 3368 1199 3434 sibi
1225 3367 1376 3433 resistere
1400 3387 1521 3452 eogno-
1531 3374 1687 3426 adeunde

237 3474 245 3573 q
320 3461 357 3496 ¹¹¹·
370 3451 431 3498 ³⁶⁸·
469 3473 580 3556 visset,
603 3474 693 3561 apud
716 3471 963 3538 Sandiwieum⁴
995 3473 1036 3538 de
1065 3470 1209 3537 navibus
1235 3471 1357 3548 exiens,
1384 3443 1669 3570 vam’irliesdnddd

468 3577 690 3658 alamuosan,
713 3581 833 3664 praeter
856 3575 1045 3641 Doverense
1078 3580 1231 3652 castrum,
1263 3574 1328 3638 sibi
1361 3573 1521 3639 continuo
1532 3577 1647 3628 marchen
1661 3584 1687 3629 to

237 3666 248 3727 p
449 3679 679 3768 ‘snblugal'st3
702 3686 736 3746 et
759 3681 824 3746 iter
845 3701 960 3744 versus
985 3679 1174 3744 Londonias
1201 3677 1355 3764 dirigens,
1378 3681 1522 3741 castrum
1532 3646 1646 3696 london.

451 3781 610 3849 .Rofenss
632 3783 777 3848 insuam
793 3783 916 3870 recepit
937 3787 1145 3869 potestatem.
1191 3779 1320 3846 Deinde
1335 3779 1523 3882 Londonias

429 3893 433 3902 '
469 3887 611 3968 veniens,
644 3907 720 3952 eum
743 3886 873 3972 ingenti
899 3883 1049 3973 gaudio⁵
1080 3885 1229 3950 omnium
1260 3885 1422 3949 baronum
1452 3905 1522 3948 sus-

296 4012 457 4078 sopwenu
468 3994 583 4078 septus
617 3994 674 4056 est.
730 3987 828 4076 Cepit
857 3988 970 4074 itaque
1003 3987 1158 4074 homagia
1190 3992 1223 4053 et
1254 3986 1448 4052 fidelitatem
1479 3984 1522 4051 ab
1533 3997 1689 4050 Hereoeives

238 4121 239 4138 κ
310 4080 432 4198 diddb
460 4093 621 4160 omnibns
642 4092 823 4158 baronibus
847 4113 884 4156 aa
908 4091 1047 4170 civibus,
1079 4092 1138 4176 qui
1168 4090 1294 4154 ibidem
1325 4066 1689 4184 expectave·{¹}‘2¹1¹,{¹⁰⁸⁸⁹

470 4203 547 4262 runt
571 4197 718 4283 ejusdem
747 4195 940 4262 adveutum.
985 4193 1048 4260 Ille
1076 4216 1164 4271 vero,
1186 4194 1285 4259 tastis
1309 4193 1633 4259 sacrosanctisbarons

470 4297 674 4386 evangeliis‚⁰
698 4296 838 4383 juravit,
862 4297 950 4383 quod
979 4289 1119 4384 singulis
1142 4319 1254 4362 eorum
1275 4297 1353 4382 jura
1374 4291 1688 4374 addunesthor-

449 4401 572 4468 -bonas
594 4401 683 4489 leges
704 4400 798 4487 regni
821 4402 957 4477 teneret,
992 4399 1103 4477 malas,
1140 4399 1168 4464 si
1192 4421 1266 4487 quae
1292 4406 1410 4479 essent,
1444 4368 1680 4490 abo-ww&

450 4505 560 4585 -leret,
584 4509 619 4570 et
641 4503 763 4570 amissa
785 4524 844 4590 per
866 4523 976 4590 regem
991 4501 1014 4566 J
1017 4501 1210 4589 [ohannem]
1228 4501 1275 4567 eis
1290 4500 1521 4589 readquireret.
1531 4502 1659 4611 mm,

1462 4686 1516 4692 --..
1532 4628 1688 4694 adquisisset.

476 4686 824 4694 -—-...-——.——-—
842 4687 922 4692 -.—-.
932 4687 1002 4692 ...-—

507 4791 593 4857 1ονςρο]
613 4790 735 4855 supplied
752 4791 818 4840 from
828 4790 870 4842 W.
882 4792 913 4841 B.
922 4790 951 4843 O.
965 4813 986 4850 ς·
1053 4793 1061 4821 ⁴
1075 4791 1256 4855 Sondiwiem]
1276 4790 1439 4851 Santonum,
1450 4792 1479 4841 R

470 4870 556 4936 igitur,
569 4871 599 4921 Ε.
1054 4870 1178 4936 ⁵quudio]
1198 4869 1344 4920 interlined.

506 4951 610 5000 'sonim
621 4951 737 5016 impetus]
750 4951 844 5000 Added
856 4951 883 5000 iu
894 4965 976 5017 marg.
1054 4953 1065 4981 ⁶
1076 4949 1219 5016 evanqeliie]
1233 4950 1388 5014 evangeliis,
1398 4951 1454 5002 MS.

506 5027 661 5098 ‘Ledaeieq
681 5030 796 5091 Lodowi,
809 5029 866 5082 MS.

1316 5124 1387 5185 112
