4242 6159
676 1029 725 1081 nn
746 1029 907 1081 rnnonn
929 1030 1031 1081 snare
1053 1031 1210 1095 nmmrer,
1233 1032 1300 1083 vm.
1322 1031 1447 1082 suurn.
1523 1012 1588 1085 407

534 1202 832 1270 Autissiodorensis
856 1204 957 1285 Petri,
984 1204 1140 1270 venitin
1166 1204 1334 1293 Angliam,
1366 1204 1523 1292 expulsus
1554 1207 1589 1269 et
1599 1215 1671 1269 Aa).
1685 1222 1757 1271 raes.

534 1306 736 1393 proscriptus
758 1308 801 1373 ab
832 1307 980 1395 imperio,
1004 1308 1167 1373 auxilium
1183 1309 1212 1372 'a
1234 1329 1319 1395 rege,
1333 1310 1427 1395 cujus
1453 1329 1488 1373 se
1507 1307 1589 1397 feee-

534 1414 590 1475 rat
603 1412 897 1497 consanguineum,
921 1412 1096 1498 pecunhre
1120 1412 1306 1499 petiturus,
1334 1432 1395 1477 nec
1418 1432 1492 1499 spes
1516 1410 1587 1496 ejus

534 1510 654 1579 effectu
679 1512 911 1579 frustrabatur.
967 1514 1014 1580 Et
1036 1536 1111 1580 cum
1133 1536 1193 1600 per
1219 1511 1705 1594 sanciamremearet,11ee1¹⁸

533 1636 594 1679 rex
623 1615 829 1683 Francorum
858 1638 927 1681 non
956 1617 1006 1683 ita
1032 1614 1237 1683 liberaliter¹
1273 1616 1380 1683 eidem
1410 1616 1583 1704 pecuniam
1594 1580 1740 1713 fflulffll,

534 1715 733 1785 effundendo
755 1719 937 1799 distribuit,
951 1720 1053 1784 immo
1076 1718 1212 1806 abipso
1234 1740 1295 1807 pro
1318 1724 1408 1785 certa
1435 1718 1583 1805 pecuniae
1594 1714 1754 1833 &geos

534 1841 663 1886 summa
682 1822 837 1909 reliquias
855 1822 1100 1909 impretiabiles,
1115 1821 1239 1888 seilicet
1256 1821 1396 1889 Crucem
1417 1820 1584 1899 Senem,
1694 1818 1701 1832 ’

534 1944 611 1989 cum
626 1923 756 1991 Corona
777 1926 902 1993 Sancta
916 1931 951 1991 et
974 1925 1173 2013 quibusdam
1189 1923 1318 2011 [aliis]‚²
1340 1924 1478 1991 feliciter
1500 1944 1586 1989 com·

536 2028 691 2114 paravit⁸

536 2280 587 2349 Da
609 2282 784 2351 discordie
806 2290 900 2351 moto
925 2284 1019 2351 inter
1047 2283 1198 2370 tapetum
1219 2290 1250 2352 at
1271 2284 1413 2353 scolares
1437 2283 1586 2355 Ocontoe.

579 2437 672 2504 Tunc
693 2460 772 2504 vero
793 2438 950 2531 temporis
971 2438 1101 2527 legatus
1125 2438 1288 2505 Osoniam
1310 2439 1453 2518 veniens,
1475 2438 1584 2526 hospi·
1597 2445 1759 2510 Quanelua

534 2544 626 2606 tatus
648 2548 699 2607 est
721 2541 757 2607 in
779 2541 876 2607 domo
892 2543 1023 2609 Osenee.
1070 2542 1215 2608 Scolares
1229 2563 1308 2609 vero
1324 2543 1430 2609 eidem
1450 2544 1585 2609 xenium
1596 2521 1680 2647 m
1689 2517 1742 2633 Ἐξ

435 2624 440 2636 ’
535 2646 725 2712 honorabile
761 2646 799 2710 in
835 2644 1010 2711 esculentis
1047 2649 1082 2710 et
1118 2644 1303 2731 poculentis
1339 2650 1419 2712 ante
1456 2650 1587 2734 tempus
1598 2648 1760 2701 uenhours

536 2749 666 2837 prandii
697 2748 974 2829 transmiserunt3
1006 2750 1049 2825 et,
1082 2751 1158 2832 post
1189 2748 1375 2833 prandium,
1407 2752 1447 2814 ut
1478 2715 1745 2836 ipsum⁰f⁰¹f⁰¹⁶'

535 2857 723 2918 reverenter
753 2850 936 2917 salutantes
969 2848 1155 2926 visitarent,
1192 2849 1235 2913 ad
1272 2850 1455 2935 hospitium
1494 2873 1590 2917 suurn

538 2958 769 3042 pervenerunt.
816 2952 944 3033 Quibus
969 2950 1097 3039 janitor
1120 2950 1255 3036 quidam
1281 2952 1514 3040 Transalpinus
1535 2977 1593 3041 pa-

537 3080 612 3123 rum
634 3058 759 3123 facetus
781 3054 977 3135 convicians,
998 3053 1177 3119 introitum
1198 3052 1380 3139 procaciter
1394 3054 1593 3143 denegavit3

537 3160 595 3225 sed
617 3159 726 3225 clerici
747 3159 968 3245 indignantes,
991 3160 1067 3242 post
1098 3155 1250 3241 quaedam
1278 3156 1390 3243 jurgia
1410 3158 1594 3244 impetuose

537 3264 758 3329 intraverunt.
809 3262 907 3327 Unus
937 3265 1049 3325 autem
1084 3259 1258 3326 scolarium
1292 3260 1414 3325 timens
1447 3283 1489 3327 ne
1518 3266 1594 3348 post

534 3366 649 3452 jurgia
678 3364 791 3451 pejora
822 3368 1045 3449 sequerentur,
1080 3362 1123 3427 ad
1154 3361 1337 3448 hospitium
1368 3384 1474 3442 sunm,
1504 3364 1593 3449 quod

538 3490 639 3555 prope
662 3473 742 3547 erat,
766 3472 805 3531 ut
819 3486 938 3557 'arcum
961 3485 1037 3530 cnm
1059 3464 1194 3551 sagittis
1216 3465 1388 3550 arriperet,
1410 3465 1591 3533 festinavit

540 3570 586 3636 Et
608 3593 682 3636 cum
704 3569 836 3646 rediret,
858 3573 932 3633 orta
957 3568 1030 3659 jam
1061 3566 1234 3647 discordia,
1256 3566 1416 3653 magister
1441 3589 1592 3634 cocorum

539 3674 692 3740 broidum
707 3672 748 3736 de
768 3670 916 3735 fervente
938 3670 1045 3735 lebete
1068 3670 1104 3733 in
1126 3668 1293 3755 sartagine
1315 3669 1471 3735 haustum
1494 3693 1593 3757 super

539 3778 693 3844 clericum
715 3774 879 3861 quendam
901 3773 1050 3858 aspersit,
1073 3776 1108 3837 et
1138 3793 1181 3837 ex
1213 3770 1357 3836 ferventi
1390 3772 1592 3860 pinguedine

540 3880 718 3947 enormiter
750 3877 845 3943 laesit.
902 3876 1062 3940 Excitato
1084 3875 1189 3961 igitur
1210 3872 1361 3955 clamore,
1384 3874 1591 3942 architenens
1716 3959 1719 3965 Ι

539 3988 738 4050 memoratus
760 3978 853 4044 misit
874 3976 1033 4064 sagittam
1054 3978 1092 4041 in
1113 3977 1222 4064 ipsum
1243 3997 1365 4057 cocum,
1388 3998 1504 4064 corpus
1519 3978 1591 4065 ejus

541 4082 845 4152 transverberando.
899 4082 983 4146 Erat
1015 4084 1127 4145 autem
1159 4078 1216 4143 ille
1250 4100 1399 4144 cocorum
1432 4100 1589 4161 summus,

541 4189 599 4276 qui
626 4188 698 4273 jam
732 4184 908 4273 expiravit,
940 4182 1043 4248 frater
1074 4181 1184 4268 legati,
1216 4184 1250 4246 et
1281 4181 1389 4269 ipsum
1411 4181 1463 4247 illi
1485 4182 1589 4249 officio

540 4291 738 4381 praefecerat,
761 4311 803 4354 ne
825 4286 909 4353 forte
931 4284 1171 4351 intoxicaretur
1201 4284 1269 4370 ipse
1292 4283 1428 4371 legatus
1474 4284 1590 4351 Multi·

541 4395 664 4484 plicato
686 4391 791 4478 igitur
811 4389 972 4468 tumultu,
993 4388 1126 4477 legatus
1145 4388 1368 4453 vehementer
1382 4389 1589 4475 perterritus,

542 4500 711 4583 assumpta
732 4516 813 4580 capa
842 4492 1032 4572 canonicali,
1065 4488 1184 4556 tumim
1215 4490 1372 4568 ascendit,
1405 4495 1444 4557 ut
1474 4492 1589 4557 saltem

540 4658 586 4668 υ,-
781 4652 854 4659 .—

575 4752 581 4780 ¹
600 4744 745 4810 liberaliter]
759 4745 800 4795 On
812 4759 844 4793 sn
855 4758 962 4793 erasure.
1121 4742 1131 4771 ¹
1147 4738 1239 4789 scilicet
1255 4776 1261 4791 .
1275 4776 1282 4791 .
1298 4772 1305 4791 .
1322 4742 1484 4809 ‹umpnrnvitJ
1498 4743 1591 4796 Added

574 4824 672 4892 2ιιΙιίἐ]
692 4824 814 4889 Supplied
823 4832 851 4873 to
861 4822 984 4887 complete
1000 4820 1043 4872 the
1089 4820 1116 4870 in
1127 4835 1206 4886 marg.

542 4924 621 4961 sense,
