4242 6159
597 967 663 1030 304
720 979 886 1030 usmnnr
908 979 1119 1031 rsmsmusrs
1138 948 1304 1032 mercam
1324 979 1524 1032 merosum

429 1157 498 1223 Ad)-
513 1167 583 1214 122⁸·
596 1155 854 1243 archiepiscopos
875 1156 1107 1235 Nazarensem,
1129 1156 1362 1224 Caesariensem
1385 1161 1420 1222 et
1449 1155 1645 1222 Narbonen-

596 1280 687 1339 sem;
709 1260 876 1346 episcopos
904 1282 985 1326 vero
1008 1259 1151 1347 Angliae,
1173 1259 1437 1326 wintoniensem
1463 1265 1498 1324 et
1520 1257 1645 1324 Exoni·

597 1382 729 1443 ensem3
767 1361 946 1448 Magistros
976 1361 1162 1449 Hospitalis
1198 1368 1234 1428 et
1266 1362 1553 1444 Theutcnicorum,
1585 1360 1643 1448 qui

595 1467 760 1550 praeerant
800 1464 1000 1552 octingentis
1040 1462 1205 1530 militibus
1246 1465 1435 1552 peregrinis,
1476 1469 1512 1530 et
1552 1463 1644 1551 pedi-

596 1564 686 1632 tibus
711 1565 804 1651 quasi
826 1567 938 1632 desem
961 1566 1096 1631 milibus
1123 1566 1163 1631 de
1188 1565 1327 1631 diversis
1353 1567 1471 1632 mundi
1493 1566 1644 1654 partibus

595 1668 808 1756 congregatis.
870 1669 939 1748 Qui
968 1691 1081 1734 omnes
1117 1668 1190 1754 pari
1223 1668 1400 1735 devotione
1435 1668 1536 1746 ducti,
1574 1667 1645 1735 Oae-

596 1792 720 1836 saream
754 1775 789 1836 et
819 1771 971 1856 quaedsm
1000 1766 1128 1836 castra¹
1169 1770 1439 1848 communierant,
1469 1770 1520 1836 ita
1557 1769 1646 1856 quod

595 1872 679 1936 nihil
711 1872 819 1937 defuit
840 1872 897 1951 eis,
921 1873 986 1938 nisi
1009 1877 1049 1938 ut
1079 1871 1186 1959 Jopen
1218 1877 1454 1952 restaurarent,
1477 1879 1511 1937 et
1534 1873 1581 1937 sic
1609 1872 1646 1936 in

594 1981 744 2040 sanctam
773 1974 951 2041 tenderent
977 1976 1155 2042 civitatem.
1213 1975 1398 2063 Imperator
1419 1975 1541 2060 itaque,
1572 1996 1646 2040 cum

596 2083 722 2142 statum
748 2076 858 2142 Terrae
883 2077 1015 2144 Sanctae
1038 2077 1271 2164 cognovisset,²
1295 2075 1518 2164 approbavit³
1543 2075 1646 2164 pluri·

595 2202 688 2245 mum
702 2180 952 2266 peregrinorum
967 2179 1193 2266 propositum;
1216 2186 1258 2258 et,
1280 2179 1475 2266 praeparatis
1495 2179 1647 2245 omnibus

595 2285 640 2348 ad
676 2283 955 2370 progrediendum
997 2284 1195 2361 necessariis,
1235 2287 1462 2370 processerunt
1498 2283 1647 2364 feliciter,

597 2385 721 2473 praevio
743 2386 949 2472 imperatore,
975 2391 1010 2450 et
1039 2385 1137 2452 xviia
1161 2385 1321 2451 kalendas
1345 2385 1536 2451 Decembris
1558 2385 1647 2473 apud

596 2487 621 2552 J
623 2509 707 2575 open
729 2509 882 2574 prospera
895 2493 1125 2574 pervenerimt.
1173 2488 1239 2555 Sed
1255 2487 1410 2574 quoniam
1425 2487 1648 2574 unusquisque

598 2589 640 2655 de
663 2589 811 2656 exercitu
837 2590 1020 2656 necessaria
1041 2590 1152 2656 victus
1176 2591 1219 2655 ad
1246 2591 1317 2656 dies
1338 2589 1496 2677 plurimos
1525 2590 1647 2656 sibiet

598 2692 796 2778 equitaturis
816 2693 886 2758 suis
907 2716 983 2758 cum
1004 2692 1193 2759 summariis
1214 2715 1274 2780 per
1295 2699 1418 2758 terram
1440 2697 1570 2779 portare
1590 2714 1646 2758 ne-

596 2795 782 2882 quiverant,
797 2798 832 2860 et
854 2795 1038 2881 specialiter
1048 2800 1183 2883 propter
1206 2794 1267 2861 hoo
1288 2795 1326 2860 in
1346 2801 1447 2882 portu
1461 2795 1649 2861 Achonensi

597 2921 698 2964 naves
720 2902 924 2986 pararentur,
948 2920 1023 2983 quae
1037 2897 1234 2965 victualium
1260 2897 1387 2984 copiam
1411 2897 1571 2963 exercitui
1593 2899 1648 2962 de-

597 2999 680 3067 ferre
702 3001 878 3078 debebant,
893 3023 968 3066 cum
983 3005 1112 3066 onustae
1127 3000 1340 3080 velificarent,
1355 3006 1491 3086 repente
1513 3001 1649 3066 suborta

596 3108 803 3191 tempestate,
826 3125 885 3190 per
906 3102 963 3168 vii.
988 3103 1059 3168 dies
1084 3103 1258 3168 continuos
1288 3102 1471 3190 peregrinis
1492 3102 1651 3168 victualia

595 3207 727 3274 fuerant
742 3206 927 3272 interdicta
973 3205 1059 3270 Erat
1073 3211 1185 3271 autem
1200 3210 1281 3271 tunc
1296 3205 1398 3270 timor
1413 3206 1501 3271 inter
1515 3207 1646 3284 multos,

595 3331 638 3376 ne
659 3309 764 3374 iratus
785 3308 946 3395 populum
969 3329 1067 3372 suum
1091 3306 1199 3373 delere
1214 3307 1316 3374 vellet
1336 3307 1451 3373 Deus‘
1472 3308 1513 3373 de
1535 3323 1829 3404 super-Quone.
1875 3357 1881 3394 ,

596 3412 669 3478 ficie
683 3417 802 3492 terrae;
826 3409 884 3476 sed
906 3395 1086 3475 ineffabilis
1109 3411 1285 3476 clementia
1300 3409 1374 3491 Dei,
1390 3432 1465 3497 quae
1480 3401 1646 3477 neminem
1688 3405 1725 3441 Π·
1741 3397 1800 3444 ¹⁷⁰·

596 3515 756 3602 temptari
787 3513 955 3600 permittit
986 3513 1077 3578 ultra
1103 3534 1203 3598 quam
1236 3514 1397 3579 sustinere
1422 3518 1542 3600 potest,
1572 3517 1648 3579 tan·

597 3617 673 3681 dem
695 3616 892 3682 clamoribus
913 3614 1094 3680 lacrimosis
1107 3615 1255 3680 fidelium
1278 3617 1451 3696 excitatus,
1472 3614 1650 3702 imperavit

596 3721 708 3784 ventis
739 3723 775 3784 et
805 3718 900 3799 mari,
923 3724 957 3783 et
991 3717 1079 3782 facta
1109 3722 1160 3782 est
1182 3718 1408 3804 tranquillitas
1431 3739 1553 3806 magna
1600 3717 1649 3785 Et

597 3821 765 3902 continuo,
782 3820 924 3885 ducente
946 3819 1101 3897 Domine,
1115 3819 1211 3884 venit
1233 3821 1322 3906 apud
1345 3819 1453 3906 Jopen
1476 3822 1651 3886 innumera

596 3925 734 3990 navium
749 3923 941 4000 multitudo,
965 3945 1039 3988 cum
1059 3922 1192 4009 ingenti
1206 3923 1300 4011 copia
1320 3921 1490 4002 frumenti,
1510 3919 1651 4002 hordei,⁶

595 4027 675 4105 vini,
704 4033 739 4093 et
768 4026 860 4092 omni
884 4047 1003 4113 genere
1028 4024 1235 4104 victualium,
1259 4027 1310 4091 ita
1341 4027 1430 4112 quod
1459 4026 1651 4092 indeficiens

595 4125 827 4197 abundantia⁶
848 4128 914 4193 fuit
930 4149 1058 4215 semper
1072 4128 1109 4192 in
1123 4128 1280 4207 exercitu,
1295 4150 1399 4215 usque
1414 4129 1457 4194 ad
1472 4129 1650 4216 perfectam

593 4234 881 4301 reaedificationem
915 4231 1015 4297 castri
1055 4232 1235 4299 memorati.
1293 4231 1335 4297 In
1376 4255 1442 4320 qua
1478 4231 1670 4321 episeopus.

595 4337 838 4404 wintoniensis
860 4333 945 4399 nulli
965 4334 1031 4399 fuit
1052 4335 1222 4402 secundus

628 4616 745 4683 'cmuc]
764 4615 912 4667 Interlined
1182 4612 1288 4680 ⁴Dcus]
1306 4613 1452 4666 Interllned.

628 4695 809 4761 'caprorum
828 4694 1012 4760 congessisset,
1023 4693 1082 4747 MS.
1183 4692 1298 4760 ‘tordeq
1317 4694 1396 4756 ordei,
1407 4694 1464 4746 MS.

629 4774 812 4840 'approbavitJ
829 4774 969 4839 apprbavit,
979 4773 1036 4824 Me.
1182 4771 1369 4840 mundaum]
1388 4773 1565 4836 habundantia,
1576 4773 1633 4826 MS.
