<?xml version="1.0" encoding="UTF-8"?>
<!DOCTYPE html PUBLIC "-//W3C//DTD XHTML 1.0 Transitional//EN"
    "http://www.w3.org/TR/xhtml1/DTD/xhtml1-transitional.dtd">
<html xmlns="http://www.w3.org/1999/xhtml" xml:lang="en" lang="en">
 <head>
  <title>
</title>
<meta http-equiv="Content-Type" content="text/html;charset=utf-8" />
  <meta name='ocr-system' content='tesseract 3.04.00' />
  <meta name='ocr-capabilities' content='ocr_page ocr_carea ocr_par ocr_line ocrx_word'/>
</head>
<body>
  <div class='ocr_page' id='page_1' title='image "./matthiparisiens04parigoog_0214.png"; bbox 0 0 4242 6159; ppageno 0'>
   <div class='ocr_carea' id='block_1_1' title="bbox 582 1035 1509 1099">
    <p class='ocr_par' dir='ltr' id='par_1_1' title="bbox 582 1035 1509 1099">
     <span class='ocr_line' id='line_1_1' title="bbox 582 1035 1509 1099; baseline -0.001 -3"><span class='ocrx_word' id='word_1_1' title='bbox 582 1035 646 1099; x_wconf 90' lang='lat'>198</span> <span class='ocrx_word' id='word_1_2' title='bbox 696 1047 863 1096; x_wconf 80' lang='lat' dir='ltr'>usrrnnr</span> <span class='ocrx_word' id='word_1_3' title='bbox 885 1045 1100 1098; x_wconf 81' lang='lat' dir='ltr'>rsursrsusrs</span> <span class='ocrx_word' id='word_1_4' title='bbox 1122 1046 1288 1097; x_wconf 81' lang='lat' dir='ltr'>msrosm</span> <span class='ocrx_word' id='word_1_5' title='bbox 1308 1046 1509 1096; x_wconf 77' lang='lat' dir='ltr'>Anonosuu.</span> 
     </span>
    </p>
   </div>
   <div class='ocr_carea' id='block_1_2' title="bbox 414 1221 1657 4202">
    <p class='ocr_par' dir='ltr' id='par_1_2' title="bbox 414 1221 1657 4202">
     <span class='ocr_line' id='line_1_2' title="bbox 414 1221 1651 1313; baseline -0.002 -25"><span class='ocrx_word' id='word_1_6' title='bbox 414 1225 650 1290; x_wconf 72' lang='lat' dir='ltr'>A.D.121silii¹</span> <span class='ocrx_word' id='word_1_7' title='bbox 684 1245 792 1292; x_wconf 85' lang='lat' dir='ltr'>eomes</span> <span class='ocrx_word' id='word_1_8' title='bbox 828 1223 1046 1313; x_wconf 89' lang='lat' dir='ltr'>W[illelmus]</span> <span class='ocrx_word' id='word_1_9' title='bbox 1085 1223 1346 1302; x_wconf 80' lang='lat' dir='ltr'>Ssresbiriensis,</span> <span class='ocrx_word' id='word_1_10' title='bbox 1378 1221 1438 1288; x_wconf 89' lang='lat' dir='ltr'>“O</span> <span class='ocrx_word' id='word_1_11' title='bbox 1471 1221 1651 1297; x_wconf 69' lang='lat' dir='ltr'>Huberte„</span> 
     </span>
     <span class='ocr_line' id='line_1_3' title="bbox 582 1325 1653 1415; baseline -0.005 -21"><span class='ocrx_word' id='word_1_12' title='bbox 582 1350 650 1394; x_wconf 89' lang='lat' dir='ltr'>non</span> <span class='ocrx_word' id='word_1_13' title='bbox 671 1331 707 1394; x_wconf 89' lang='lat' dir='ltr'>to</span> <span class='ocrx_word' id='word_1_14' title='bbox 727 1328 818 1406; x_wconf 79' lang='lat' dir='ltr'>lutet,</span> <span class='ocrx_word' id='word_1_15' title='bbox 841 1337 882 1394; x_wconf 90' lang='lat' dir='ltr'>ut</span> <span class='ocrx_word' id='word_1_16' title='bbox 903 1327 1007 1407; x_wconf 84' lang='lat' dir='ltr'>eredo,</span> <span class='ocrx_word' id='word_1_17' title='bbox 1031 1348 1119 1394; x_wconf 88' lang='lat' dir='ltr'>mors</span> <span class='ocrx_word' id='word_1_18' title='bbox 1139 1327 1227 1415; x_wconf 85' lang='lat' dir='ltr'>regis</span> <span class='ocrx_word' id='word_1_19' title='bbox 1248 1325 1272 1392; x_wconf 82' lang='lat' dir='ltr'><strong>J</strong></span> <span class='ocrx_word' id='word_1_20' title='bbox 1274 1325 1453 1413; x_wconf 79' lang='lat' dir='ltr'>[ohsnnis],</span> <span class='ocrx_word' id='word_1_21' title='bbox 1475 1347 1537 1391; x_wconf 88' lang='lat' dir='ltr'>nee</span> <span class='ocrx_word' id='word_1_22' title='bbox 1557 1345 1653 1390; x_wconf 81' lang='lat' dir='ltr'>eon.</span> 
     </span>
     <span class='ocr_line' id='line_1_4' title="bbox 584 1428 1651 1516; baseline -0.003 -21"><span class='ocrx_word' id='word_1_23' title='bbox 584 1431 669 1496; x_wconf 89' lang='lat' dir='ltr'>ditio</span> <span class='ocrx_word' id='word_1_24' title='bbox 693 1430 878 1516; x_wconf 71' lang='lat' dir='ltr'>juramenti</span> <span class='ocrx_word' id='word_1_25' title='bbox 908 1431 1035 1498; x_wconf 89' lang='lat' dir='ltr'>domini</span> <span class='ocrx_word' id='word_1_26' title='bbox 1064 1431 1172 1497; x_wconf 80' lang='lat' dir='ltr'><strong>nostri</strong></span> <span class='ocrx_word' id='word_1_27' title='bbox 1202 1429 1395 1511; x_wconf 84' lang='lat' dir='ltr'>Lodouuioi‚</span> <span class='ocrx_word' id='word_1_28' title='bbox 1424 1429 1482 1516; x_wconf 91' lang='lat' dir='ltr'>qui</span> <span class='ocrx_word' id='word_1_29' title='bbox 1510 1428 1651 1494; x_wconf 90' lang='lat' dir='ltr'>inoom-.</span> 
     </span>
     <span class='ocr_line' id='line_1_5' title="bbox 583 1531 1651 1622; baseline -0.005 -23"><span class='ocrx_word' id='word_1_30' title='bbox 583 1534 790 1601; x_wconf 78' lang='lat' dir='ltr'>mutabiliter</span> <span class='ocrx_word' id='word_1_31' title='bbox 815 1535 953 1622; x_wconf 79' lang='lat' dir='ltr'>juravit,</span> <span class='ocrx_word' id='word_1_32' title='bbox 977 1535 1067 1622; x_wconf 88' lang='lat' dir='ltr'>quod</span> <span class='ocrx_word' id='word_1_33' title='bbox 1096 1557 1171 1602; x_wconf 89' lang='lat' dir='ltr'>eum</span> <span class='ocrx_word' id='word_1_34' title='bbox 1204 1538 1350 1600; x_wconf 82' lang='lat' dir='ltr'>esstrum</span> <span class='ocrx_word' id='word_1_35' title='bbox 1382 1533 1445 1599; x_wconf 86' lang='lat' dir='ltr'>hoo</span> <span class='ocrx_word' id='word_1_36' title='bbox 1473 1531 1651 1598; x_wconf 84' lang='lat' dir='ltr'>violenter.</span> 
     </span>
     <span class='ocr_line' id='line_1_6' title="bbox 584 1635 1652 1726; baseline -0.006 -22"><span class='ocrx_word' id='word_1_37' title='bbox 584 1639 801 1726; x_wconf 73' lang='lat' dir='ltr'>occupaverit,</span> <span class='ocrx_word' id='word_1_38' title='bbox 825 1660 939 1705; x_wconf 89' lang='lat' dir='ltr'>omnes</span> <span class='ocrx_word' id='word_1_39' title='bbox 968 1637 1004 1704; x_wconf 94' lang='lat' dir='ltr'>in</span> <span class='ocrx_word' id='word_1_40' title='bbox 1034 1659 1073 1704; x_wconf 89' lang='lat' dir='ltr'>eo</span> <span class='ocrx_word' id='word_1_41' title='bbox 1102 1637 1234 1704; x_wconf 87' lang='lat' dir='ltr'>inventi</span> <span class='ocrx_word' id='word_1_42' title='bbox 1263 1636 1440 1725; x_wconf 89' lang='lat' dir='ltr'>suspendio</span> <span class='ocrx_word' id='word_1_43' title='bbox 1470 1635 1652 1724; x_wconf 87' lang='lat' dir='ltr'>peribunt..</span> 
     </span>
     <span class='ocr_line' id='line_1_7' title="bbox 585 1736 1652 1828; baseline -0.006 -21"><span class='ocrx_word' id='word_1_44' title='bbox 585 1741 728 1808; x_wconf 78' lang='lat' dir='ltr'>Consule</span> <span class='ocrx_word' id='word_1_45' title='bbox 750 1741 831 1808; x_wconf 78' lang='lat' dir='ltr'>vitm</span> <span class='ocrx_word' id='word_1_46' title='bbox 857 1747 927 1809; x_wconf 82' lang='lat' dir='ltr'>tuae</span> <span class='ocrx_word' id='word_1_47' title='bbox 948 1746 984 1807; x_wconf 86' lang='lat' dir='ltr'>et</span> <span class='ocrx_word' id='word_1_48' title='bbox 1005 1742 1131 1808; x_wconf 78' lang='lat' dir='ltr'>honori</span> <span class='ocrx_word' id='word_1_49' title='bbox 1176 1740 1256 1807; x_wconf 90' lang='lat' dir='ltr'>Non</span> <span class='ocrx_word' id='word_1_50' title='bbox 1285 1740 1411 1828; x_wconf 87' lang='lat' dir='ltr'>poteris</span> <span class='ocrx_word' id='word_1_51' title='bbox 1432 1761 1561 1827; x_wconf 88' lang='lat' dir='ltr'>semper</span> <span class='ocrx_word' id='word_1_52' title='bbox 1580 1736 1652 1802; x_wconf 86' lang='lat' dir='ltr'>vel.</span> 
     </span>
     <span class='ocr_line' id='line_1_8' title="bbox 583 1840 1652 1932; baseline -0.004 -23"><span class='ocrx_word' id='word_1_53' title='bbox 583 1844 686 1909; x_wconf 83' lang='lat' dir='ltr'>etium</span> <span class='ocrx_word' id='word_1_54' title='bbox 707 1845 766 1911; x_wconf 87' lang='lat' dir='ltr'>diu</span> <span class='ocrx_word' id='word_1_55' title='bbox 787 1843 850 1912; x_wconf 86' lang='lat' dir='ltr'>hoo</span> <span class='ocrx_word' id='word_1_56' title='bbox 872 1849 1026 1926; x_wconf 67' lang='lat' dir='ltr'>eostm</span> <span class='ocrx_word' id='word_1_57' title='bbox 1049 1845 1132 1932; x_wconf 90' lang='lat' dir='ltr'>quin</span> <span class='ocrx_word' id='word_1_58' title='bbox 1154 1845 1271 1912; x_wconf 73' lang='lat' dir='ltr'>saltem</span> <span class='ocrx_word' id='word_1_59' title='bbox 1293 1845 1382 1911; x_wconf 78' lang='lat' dir='ltr'>fame</span> <span class='ocrx_word' id='word_1_60' title='bbox 1412 1843 1554 1922; x_wconf 81' lang='lat' dir='ltr'>deficias,</span> <span class='ocrx_word' id='word_1_61' title='bbox 1578 1840 1652 1907; x_wconf 89' lang='lat' dir='ltr'>de-.</span> 
     </span>
     <span class='ocr_line' id='line_1_9' title="bbox 582 1943 1652 2033; baseline 0 -20"><span class='ocrx_word' id='word_1_62' title='bbox 582 1947 714 2014; x_wconf 88' lang='lat' dir='ltr'>fendere</span> <span class='ocrx_word' id='word_1_63' title='bbox 735 1953 772 2013; x_wconf 90' lang='lat' dir='ltr'>et</span> <span class='ocrx_word' id='word_1_64' title='bbox 793 1947 982 2016; x_wconf 66' lang='lat' dir='ltr'>eusudim?</span> <span class='ocrx_word' id='word_1_65' title='bbox 1028 1947 1208 2014; x_wconf 85' lang='lat' dir='ltr'>Fortitudo</span> <span class='ocrx_word' id='word_1_66' title='bbox 1229 1948 1360 2014; x_wconf 90' lang='lat' dir='ltr'>domini</span> <span class='ocrx_word' id='word_1_67' title='bbox 1383 1945 1490 2012; x_wconf 88' lang='lat' dir='ltr'>nostri</span> <span class='ocrx_word' id='word_1_68' title='bbox 1513 1943 1652 2033; x_wconf 82' lang='lat' dir='ltr'>L[odo.</span> 
     </span>
     <span class='ocr_line' id='line_1_10' title="bbox 583 2044 1653 2138; baseline 0.001 -22"><span class='ocrx_word' id='word_1_69' title='bbox 583 2051 673 2138; x_wconf 82' lang='lat' dir='ltr'>wiei]</span> <span class='ocrx_word' id='word_1_70' title='bbox 696 2051 811 2118; x_wconf 81' lang='lat' dir='ltr'>crescit</span> <span class='ocrx_word' id='word_1_71' title='bbox 837 2052 964 2129; x_wconf 78' lang='lat' dir='ltr'>diutim,</span> <span class='ocrx_word' id='word_1_72' title='bbox 986 2051 1151 2119; x_wconf 88' lang='lat' dir='ltr'>fortitudo</span> <span class='ocrx_word' id='word_1_73' title='bbox 1173 2056 1287 2119; x_wconf 83' lang='lat' dir='ltr'>autem</span> <span class='ocrx_word' id='word_1_74' title='bbox 1309 2051 1449 2118; x_wconf 73' lang='lat' dir='ltr'>adverse</span> <span class='ocrx_word' id='word_1_75' title='bbox 1465 2051 1538 2137; x_wconf 78' lang='lat' dir='ltr'>jem</span> <span class='ocrx_word' id='word_1_76' title='bbox 1559 2044 1653 2117; x_wconf 77' lang='lat' dir='ltr'>suo⁸.</span> 
     </span>
     <span class='ocr_line' id='line_1_11' title="bbox 583 2153 1654 2242; baseline 0.001 -23"><span class='ocrx_word' id='word_1_77' title='bbox 583 2153 691 2241; x_wconf 84' lang='lat' dir='ltr'>eapite</span> <span class='ocrx_word' id='word_1_78' title='bbox 726 2157 816 2220; x_wconf 84' lang='lat' dir='ltr'>eoret</span> <span class='ocrx_word' id='word_1_79' title='bbox 852 2159 887 2220; x_wconf 89' lang='lat' dir='ltr'>et</span> <span class='ocrx_word' id='word_1_80' title='bbox 924 2155 1084 2221; x_wconf 77' lang='lat' dir='ltr'>decrescit</span> <span class='ocrx_word' id='word_1_81' title='bbox 1119 2154 1301 2221; x_wconf 77' lang='lat' dir='ltr'>manifeste.</span> <span class='ocrx_word' id='word_1_82' title='bbox 1347 2155 1430 2242; x_wconf 87' lang='lat' dir='ltr'>Spes</span> <span class='ocrx_word' id='word_1_83' title='bbox 1465 2171 1654 2220; x_wconf 85' lang='lat' dir='ltr'>sueeursns.</span> 
     </span>
     <span class='ocr_line' id='line_1_12' title="bbox 583 2254 1653 2344; baseline 0.001 -23"><span class='ocrx_word' id='word_1_84' title='bbox 583 2257 728 2322; x_wconf 80' lang='lat' dir='ltr'>evanuit.</span> <span class='ocrx_word' id='word_1_85' title='bbox 777 2256 891 2323; x_wconf 83' lang='lat' dir='ltr'>Redde</span> <span class='ocrx_word' id='word_1_86' title='bbox 913 2258 1020 2344; x_wconf 83' lang='lat' dir='ltr'>igitur</span> <span class='ocrx_word' id='word_1_87' title='bbox 1049 2262 1195 2324; x_wconf 81' lang='lat' dir='ltr'>oestrum</span> <span class='ocrx_word' id='word_1_88' title='bbox 1224 2258 1294 2323; x_wconf 90' lang='lat' dir='ltr'>sine</span> <span class='ocrx_word' id='word_1_89' title='bbox 1324 2279 1425 2324; x_wconf 81' lang='lat' dir='ltr'>morse</span> <span class='ocrx_word' id='word_1_90' title='bbox 1455 2254 1653 2342; x_wconf 73' lang='lat' dir='ltr'>dispendio„</span> 
     </span>
     <span class='ocr_line' id='line_1_13' title="bbox 584 2357 1653 2447; baseline 0 -21"><span class='ocrx_word' id='word_1_91' title='bbox 584 2383 646 2427; x_wconf 90' lang='lat' dir='ltr'>nee</span> <span class='ocrx_word' id='word_1_92' title='bbox 667 2359 836 2426; x_wconf 71' lang='lat' dir='ltr'>notaberis</span> <span class='ocrx_word' id='word_1_93' title='bbox 860 2361 901 2426; x_wconf 90' lang='lat' dir='ltr'>de</span> <span class='ocrx_word' id='word_1_94' title='bbox 923 2360 1132 2438; x_wconf 75' lang='lat' dir='ltr'>infidelitate,</span> <span class='ocrx_word' id='word_1_95' title='bbox 1146 2383 1223 2426; x_wconf 89' lang='lat' dir='ltr'>oum</span> <span class='ocrx_word' id='word_1_96' title='bbox 1244 2381 1312 2426; x_wconf 92' lang='lat' dir='ltr'>non</span> <span class='ocrx_word' id='word_1_97' title='bbox 1335 2361 1439 2447; x_wconf 86' lang='lat' dir='ltr'>possis</span> <span class='ocrx_word' id='word_1_98' title='bbox 1460 2357 1545 2425; x_wconf 88' lang='lat' dir='ltr'>illud</span> <span class='ocrx_word' id='word_1_99' title='bbox 1567 2379 1653 2426; x_wconf 83' lang='lat' dir='ltr'>sm·.</span> 
     </span>
     <span class='ocr_line' id='line_1_14' title="bbox 583 2461 1655 2551; baseline -0.001 -21"><span class='ocrx_word' id='word_1_100' title='bbox 583 2465 671 2551; x_wconf 89' lang='lat' dir='ltr'>plius</span> <span class='ocrx_word' id='word_1_101' title='bbox 693 2470 828 2546; x_wconf 79' lang='lat' dir='ltr'>tenere3</span> <span class='ocrx_word' id='word_1_102' title='bbox 860 2461 954 2528; x_wconf 87' lang='lat' dir='ltr'>vides</span> <span class='ocrx_word' id='word_1_103' title='bbox 977 2464 1067 2549; x_wconf 90' lang='lat' dir='ltr'>quod</span> <span class='ocrx_word' id='word_1_104' title='bbox 1092 2485 1206 2530; x_wconf 92' lang='lat' dir='ltr'>omnes</span> <span class='ocrx_word' id='word_1_105' title='bbox 1227 2464 1271 2528; x_wconf 80' lang='lat' dir='ltr'>ed</span> <span class='ocrx_word' id='word_1_106' title='bbox 1292 2463 1489 2529; x_wconf 77' lang='lat' dir='ltr'>fidelitatem</span> <span class='ocrx_word' id='word_1_107' title='bbox 1511 2461 1655 2529; x_wconf 92' lang='lat' dir='ltr'>domini.</span> 
     </span>
     <span class='ocr_line' id='line_1_15' title="bbox 586 2566 1655 2655; baseline 0.003 -26"><span class='ocrx_word' id='word_1_108' title='bbox 586 2567 691 2633; x_wconf 83' lang='lat' dir='ltr'>nostri</span> <span class='ocrx_word' id='word_1_109' title='bbox 715 2567 788 2652; x_wconf 79' lang='lat' dir='ltr'>jum</span> <span class='ocrx_word' id='word_1_110' title='bbox 818 2566 1079 2634; x_wconf 58' lang='lat' dir='ltr'>confluxenms?</span> <span class='ocrx_word' id='word_1_111' title='bbox 1133 2567 1277 2634; x_wconf 78' lang='lat' dir='ltr'>Thomas</span> <span class='ocrx_word' id='word_1_112' title='bbox 1304 2567 1447 2655; x_wconf 78' lang='lat' dir='ltr'>insuper,</span> <span class='ocrx_word' id='word_1_113' title='bbox 1476 2566 1534 2654; x_wconf 91' lang='lat' dir='ltr'>qui</span> <span class='ocrx_word' id='word_1_114' title='bbox 1563 2587 1655 2632; x_wconf 87' lang='lat' dir='ltr'>oum.</span> 
     </span>
     <span class='ocr_line' id='line_1_16' title="bbox 585 2667 1656 2757; baseline 0.002 -23"><span class='ocrx_word' id='word_1_115' title='bbox 585 2669 658 2756; x_wconf 89' lang='lat' dir='ltr'>ipso</span> <span class='ocrx_word' id='word_1_116' title='bbox 679 2669 800 2736; x_wconf 80' lang='lat' dir='ltr'>comite</span> <span class='ocrx_word' id='word_1_117' title='bbox 829 2667 954 2736; x_wconf 91' lang='lat' dir='ltr'>ibidem</span> <span class='ocrx_word' id='word_1_118' title='bbox 984 2670 1099 2736; x_wconf 76' lang='lat' dir='ltr'>stabat</span> <span class='ocrx_word' id='word_1_119' title='bbox 1126 2669 1318 2738; x_wconf 81' lang='lat' dir='ltr'>vinculatus</span> <span class='ocrx_word' id='word_1_120' title='bbox 1341 2675 1378 2737; x_wconf 88' lang='lat' dir='ltr'>et</span> <span class='ocrx_word' id='word_1_121' title='bbox 1407 2667 1656 2757; x_wconf 47' lang='lat' dir='ltr'>compeditus&amp;</span> 
     </span>
     <span class='ocr_line' id='line_1_17' title="bbox 586 2771 1636 2861; baseline -0.001 -22"><span class='ocrx_word' id='word_1_122' title='bbox 586 2794 661 2839; x_wconf 88' lang='lat' dir='ltr'>oum</span> <span class='ocrx_word' id='word_1_123' title='bbox 686 2772 829 2838; x_wconf 77' lang='lat' dir='ltr'>lacrimis</span> <span class='ocrx_word' id='word_1_124' title='bbox 860 2777 894 2838; x_wconf 92' lang='lat' dir='ltr'>et</span> <span class='ocrx_word' id='word_1_125' title='bbox 924 2771 1128 2860; x_wconf 78' lang='lat' dir='ltr'>singultibus</span> <span class='ocrx_word' id='word_1_126' title='bbox 1157 2775 1294 2861; x_wconf 89' lang='lat' dir='ltr'>insuper</span> <span class='ocrx_word' id='word_1_127' title='bbox 1322 2773 1412 2840; x_wconf 84' lang='lat' dir='ltr'>dixit</span> <span class='ocrx_word' id='word_1_128' title='bbox 1432 2772 1540 2840; x_wconf 89' lang='lat' dir='ltr'>eidem</span> <span class='ocrx_word' id='word_1_129' title='bbox 1562 2771 1636 2838; x_wconf 89' lang='lat' dir='ltr'>Hu-</span> 
     </span>
     <span class='ocr_line' id='line_1_18' title="bbox 585 2873 1655 2955; baseline 0.004 -15"><span class='ocrx_word' id='word_1_130' title='bbox 585 2873 688 2955; x_wconf 89' lang='lat' dir='ltr'>berto,</span> <span class='ocrx_word' id='word_1_131' title='bbox 722 2874 783 2941; x_wconf 88' lang='lat'>“0</span> <span class='ocrx_word' id='word_1_132' title='bbox 816 2874 921 2941; x_wconf 79' lang='lat' dir='ltr'>frater</span> <span class='ocrx_word' id='word_1_133' title='bbox 955 2876 1129 2954; x_wconf 77' lang='lat' dir='ltr'>serissime,</span> <span class='ocrx_word' id='word_1_134' title='bbox 1163 2877 1318 2944; x_wconf 85' lang='lat' dir='ltr'>miserere</span> <span class='ocrx_word' id='word_1_135' title='bbox 1348 2877 1401 2943; x_wconf 90' lang='lat' dir='ltr'>tui</span> <span class='ocrx_word' id='word_1_136' title='bbox 1434 2881 1470 2942; x_wconf 88' lang='lat' dir='ltr'>et</span> <span class='ocrx_word' id='word_1_137' title='bbox 1508 2875 1574 2942; x_wconf 89' lang='lat' dir='ltr'>mei</span> <span class='ocrx_word' id='word_1_138' title='bbox 1603 2879 1655 2944; x_wconf 90' lang='lat' dir='ltr'>et.</span> 
     </span>
     <span class='ocr_line' id='line_1_19' title="bbox 586 2981 1655 3070; baseline 0.001 -24"><span class='ocrx_word' id='word_1_139' title='bbox 586 2981 736 3047; x_wconf 91' lang='lat' dir='ltr'>omnium</span> <span class='ocrx_word' id='word_1_140' title='bbox 774 2987 935 3060; x_wconf 88' lang='lat' dir='ltr'>nostrum,</span> <span class='ocrx_word' id='word_1_141' title='bbox 965 2983 1084 3049; x_wconf 90' lang='lat' dir='ltr'>horum</span> <span class='ocrx_word' id='word_1_142' title='bbox 1114 2983 1260 3050; x_wconf 87' lang='lat' dir='ltr'>eonsiliis</span> <span class='ocrx_word' id='word_1_143' title='bbox 1290 2982 1558 3070; x_wconf 79' lang='lat' dir='ltr'>adquiesoend03</span> <span class='ocrx_word' id='word_1_144' title='bbox 1590 2981 1655 3047; x_wconf 86' lang='lat' dir='ltr'>sio.</span> 
     </span>
     <span class='ocr_line' id='line_1_20' title="bbox 585 3082 1657 3174; baseline -0.001 -24"><span class='ocrx_word' id='word_1_145' title='bbox 585 3083 674 3150; x_wconf 92' lang='lat' dir='ltr'>enim</span> <span class='ocrx_word' id='word_1_146' title='bbox 697 3105 810 3150; x_wconf 90' lang='lat' dir='ltr'>omnes</span> <span class='ocrx_word' id='word_1_147' title='bbox 831 3085 874 3150; x_wconf 79' lang='lat' dir='ltr'>ab</span> <span class='ocrx_word' id='word_1_148' title='bbox 898 3082 1115 3152; x_wconf 79' lang='lat' dir='ltr'>imminenti⁵</span> <span class='ocrx_word' id='word_1_149' title='bbox 1138 3086 1328 3153; x_wconf 70' lang='lat' dir='ltr'>contusione</span> <span class='ocrx_word' id='word_1_150' title='bbox 1357 3085 1539 3174; x_wconf 84' lang='lat' dir='ltr'>poterimus</span> <span class='ocrx_word' id='word_1_151' title='bbox 1559 3083 1657 3150; x_wconf 74' lang='lat' dir='ltr'>libe.</span> 
     </span>
     <span class='ocr_line' id='line_1_21' title="bbox 585 3187 1656 3276; baseline 0 -22"><span class='ocrx_word' id='word_1_152' title='bbox 585 3188 659 3254; x_wconf 80' lang='lat' dir='ltr'>rori</span> <span class='ocrx_word' id='word_1_153' title='bbox 707 3187 767 3253; x_wconf 84' lang='lat' dir='ltr'>Sin</span> <span class='ocrx_word' id='word_1_154' title='bbox 781 3192 903 3270; x_wconf 84' lang='lat' dir='ltr'>autem,</span> <span class='ocrx_word' id='word_1_155' title='bbox 919 3189 1055 3276; x_wconf 89' lang='lat' dir='ltr'>primus,</span> <span class='ocrx_word' id='word_1_156' title='bbox 1072 3193 1113 3254; x_wconf 90' lang='lat' dir='ltr'>ut</span> <span class='ocrx_word' id='word_1_157' title='bbox 1122 3188 1255 3274; x_wconf 77' lang='lat' dir='ltr'>juravit</span> <span class='ocrx_word' id='word_1_158' title='bbox 1274 3187 1514 3276; x_wconf 83' lang='lat' dir='ltr'>L[od0wious],</span> <span class='ocrx_word' id='word_1_159' title='bbox 1528 3209 1656 3254; x_wconf 79' lang='lat' dir='ltr'>eorem.</span> 
     </span>
     <span class='ocr_line' id='line_1_22' title="bbox 587 3289 1656 3380; baseline -0.001 -24"><span class='ocrx_word' id='word_1_160' title='bbox 587 3290 691 3356; x_wconf 89' lang='lat' dir='ltr'>oeulis</span> <span class='ocrx_word' id='word_1_161' title='bbox 713 3289 829 3377; x_wconf 86' lang='lat' dir='ltr'>peribo</span> <span class='ocrx_word' id='word_1_162' title='bbox 860 3313 1036 3378; x_wconf 89' lang='lat' dir='ltr'>suspensus</span> <span class='ocrx_word' id='word_1_163' title='bbox 1066 3292 1134 3357; x_wconf 91' lang='lat' dir='ltr'>tuis</span> <span class='ocrx_word' id='word_1_164' title='bbox 1162 3292 1390 3380; x_wconf 80' lang='lat' dir='ltr'>ignominiose,</span> <span class='ocrx_word' id='word_1_165' title='bbox 1412 3298 1448 3358; x_wconf 90' lang='lat' dir='ltr'>et</span> <span class='ocrx_word' id='word_1_166' title='bbox 1469 3290 1513 3356; x_wconf 83' lang='lat' dir='ltr'>ad</span> <span class='ocrx_word' id='word_1_167' title='bbox 1533 3291 1656 3356; x_wconf 88' lang='lat' dir='ltr'>totius.</span> 
     </span>
     <span class='ocr_line' id='line_1_23' title="bbox 586 3392 1656 3482; baseline 0.001 -23"><span class='ocrx_word' id='word_1_168' title='bbox 586 3393 716 3480; x_wconf 84' lang='lat' dir='ltr'>generis</span> <span class='ocrx_word' id='word_1_169' title='bbox 753 3394 860 3458; x_wconf 86' lang='lat' dir='ltr'>nostri</span> <span class='ocrx_word' id='word_1_170' title='bbox 898 3393 1114 3481; x_wconf 86' lang='lat' dir='ltr'>obprobrium</span> <span class='ocrx_word' id='word_1_171' title='bbox 1145 3393 1407 3482; x_wconf 89' lang='lat' dir='ltr'>sempitemum.”</span> <span class='ocrx_word' id='word_1_172' title='bbox 1453 3392 1501 3459; x_wconf 88' lang='lat' dir='ltr'>Et</span> <span class='ocrx_word' id='word_1_173' title='bbox 1532 3415 1656 3460; x_wconf 87' lang='lat' dir='ltr'>eomes.</span> 
     </span>
     <span class='ocr_line' id='line_1_24' title="bbox 587 3494 1655 3572; baseline -0.001 -10"><span class='ocrx_word' id='word_1_174' title='bbox 587 3495 727 3572; x_wconf 80' lang='lat' dir='ltr'>addidit,</span> <span class='ocrx_word' id='word_1_175' title='bbox 751 3494 871 3572; x_wconf 84' lang='lat' dir='ltr'>dicens,</span> <span class='ocrx_word' id='word_1_176' title='bbox 896 3495 1049 3562; x_wconf 90' lang='lat' dir='ltr'>“Verum</span> <span class='ocrx_word' id='word_1_177' title='bbox 1074 3497 1138 3562; x_wconf 90' lang='lat' dir='ltr'>tibi</span> <span class='ocrx_word' id='word_1_178' title='bbox 1161 3498 1242 3564; x_wconf 86' lang='lat' dir='ltr'>dicit</span> <span class='ocrx_word' id='word_1_179' title='bbox 1263 3497 1367 3564; x_wconf 81' lang='lat' dir='ltr'>freter</span> <span class='ocrx_word' id='word_1_180' title='bbox 1389 3501 1468 3563; x_wconf 89' lang='lat' dir='ltr'>tuus</span> <span class='ocrx_word' id='word_1_181' title='bbox 1490 3497 1655 3562; x_wconf 82' lang='lat' dir='ltr'>Thomas..</span> 
     </span>
     <span class='ocr_line' id='line_1_25' title="bbox 589 3597 1655 3688; baseline 0.003 -24"><span class='ocrx_word' id='word_1_182' title='bbox 589 3597 808 3676; x_wconf 62' lang='lat' dir='ltr'>deumne</span> <span class='ocrx_word' id='word_1_183' title='bbox 838 3598 999 3680; x_wconf 88' lang='lat' dir='ltr'>Huberte,</span> <span class='ocrx_word' id='word_1_184' title='bbox 1030 3601 1141 3678; x_wconf 84' lang='lat' dir='ltr'>smiee,</span> <span class='ocrx_word' id='word_1_185' title='bbox 1167 3601 1340 3688; x_wconf 77' lang='lat' dir='ltr'>adquiesoe</span> <span class='ocrx_word' id='word_1_186' title='bbox 1369 3600 1505 3667; x_wconf 88' lang='lat' dir='ltr'>oonsilio</span> <span class='ocrx_word' id='word_1_187' title='bbox 1526 3606 1655 3668; x_wconf 88' lang='lat' dir='ltr'>nostro.</span> 
     </span>
     <span class='ocr_line' id='line_1_26' title="bbox 587 3701 1656 3791; baseline 0 -23"><span class='ocrx_word' id='word_1_188' title='bbox 587 3723 626 3768; x_wconf 81' lang='lat' dir='ltr'>eo</span> <span class='ocrx_word' id='word_1_189' title='bbox 655 3701 823 3767; x_wconf 73' lang='lat' dir='ltr'>voluntati</span> <span class='ocrx_word' id='word_1_190' title='bbox 852 3701 979 3767; x_wconf 90' lang='lat' dir='ltr'>domini</span> <span class='ocrx_word' id='word_1_191' title='bbox 1008 3704 1117 3770; x_wconf 88' lang='lat' dir='ltr'>nostri</span> <span class='ocrx_word' id='word_1_192' title='bbox 1145 3703 1353 3791; x_wconf 86' lang='lat' dir='ltr'>L[odowioi],</span> <span class='ocrx_word' id='word_1_193' title='bbox 1383 3709 1418 3772; x_wconf 87' lang='lat' dir='ltr'>et</span> <span class='ocrx_word' id='word_1_194' title='bbox 1447 3704 1544 3770; x_wconf 83' lang='lat' dir='ltr'>debit</span> <span class='ocrx_word' id='word_1_195' title='bbox 1572 3703 1656 3769; x_wconf 92' lang='lat' dir='ltr'>tibi.</span> 
     </span>
     <span class='ocr_line' id='line_1_27' title="bbox 582 3804 1655 3890; baseline 0.004 -20"><span class='ocrx_word' id='word_1_196' title='bbox 582 3804 660 3890; x_wconf 85' lang='lat' dir='ltr'>jure</span> <span class='ocrx_word' id='word_1_197' title='bbox 683 3805 885 3871; x_wconf 78' lang='lat' dir='ltr'>hereditario</span> <span class='ocrx_word' id='word_1_198' title='bbox 915 3805 1146 3873; x_wconf 72' lang='lat' dir='ltr'>Nortolokism</span> <span class='ocrx_word' id='word_1_199' title='bbox 1176 3812 1211 3874; x_wconf 88' lang='lat' dir='ltr'>et</span> <span class='ocrx_word' id='word_1_200' title='bbox 1237 3806 1488 3887; x_wconf 75' lang='lat' dir='ltr'>Suthfolckiam,</span> <span class='ocrx_word' id='word_1_201' title='bbox 1511 3812 1547 3874; x_wconf 85' lang='lat' dir='ltr'>et</span> <span class='ocrx_word' id='word_1_202' title='bbox 1575 3806 1655 3878; x_wconf 86' lang='lat' dir='ltr'>eris..</span> 
     </span>
     <span class='ocr_line' id='line_1_28' title="bbox 587 3907 1656 3996; baseline 0.001 -22"><span class='ocrx_word' id='word_1_203' title='bbox 587 3907 714 3995; x_wconf 87' lang='lat' dir='ltr'>primus</span> <span class='ocrx_word' id='word_1_204' title='bbox 745 3909 835 3973; x_wconf 89' lang='lat' dir='ltr'>inter</span> <span class='ocrx_word' id='word_1_205' title='bbox 871 3909 993 3975; x_wconf 80' lang='lat' dir='ltr'>amieos</span> <span class='ocrx_word' id='word_1_206' title='bbox 1024 3910 1096 3996; x_wconf 72' lang='lat' dir='ltr'>ejus</span> <span class='ocrx_word' id='word_1_207' title='bbox 1126 3914 1162 3977; x_wconf 85' lang='lat' dir='ltr'>et</span> <span class='ocrx_word' id='word_1_208' title='bbox 1193 3907 1424 3978; x_wconf 78' lang='lat' dir='ltr'>oonsiliorios”</span> <span class='ocrx_word' id='word_1_209' title='bbox 1468 3910 1534 3977; x_wconf 83' lang='lat' dir='ltr'>Oui</span> <span class='ocrx_word' id='word_1_210' title='bbox 1564 3909 1656 3976; x_wconf 93' lang='lat' dir='ltr'>Hu-.</span> 
     </span>
     <span class='ocr_line' id='line_1_29' title="bbox 587 4009 1656 4102; baseline 0.004 -26"><span class='ocrx_word' id='word_1_211' title='bbox 587 4009 711 4090; x_wconf 90' lang='lat' dir='ltr'>bertus,</span> <span class='ocrx_word' id='word_1_212' title='bbox 741 4009 798 4076; x_wconf 90' lang='lat' dir='ltr'>“O</span> <span class='ocrx_word' id='word_1_213' title='bbox 828 4031 946 4094; x_wconf 87' lang='lat' dir='ltr'>eomes,</span> <span class='ocrx_word' id='word_1_214' title='bbox 978 4013 1128 4098; x_wconf 85' lang='lat' dir='ltr'>proditor</span> <span class='ocrx_word' id='word_1_215' title='bbox 1156 4014 1365 4102; x_wconf 87' lang='lat' dir='ltr'>nequissime,</span> <span class='ocrx_word' id='word_1_216' title='bbox 1394 4014 1459 4080; x_wconf 87' lang='lat' dir='ltr'>etsi</span> <span class='ocrx_word' id='word_1_217' title='bbox 1487 4019 1656 4080; x_wconf 88' lang='lat' dir='ltr'>mortuus.</span> 
     </span>
     <span class='ocr_line' id='line_1_30' title="bbox 588 4113 1657 4202; baseline 0.002 -22"><span class='ocrx_word' id='word_1_218' title='bbox 588 4113 634 4180; x_wconf 87' lang='lat' dir='ltr'>sit</span> <span class='ocrx_word' id='word_1_219' title='bbox 669 4135 730 4180; x_wconf 86' lang='lat' dir='ltr'>rex</span> <span class='ocrx_word' id='word_1_220' title='bbox 766 4113 790 4180; x_wconf 84' lang='lat' dir='ltr'><strong>J</strong></span> <span class='ocrx_word' id='word_1_221' title='bbox 794 4113 979 4202; x_wconf 78' lang='lat' dir='ltr'>[ohannes],</span> <span class='ocrx_word' id='word_1_222' title='bbox 1012 4116 1168 4183; x_wconf 91' lang='lat' dir='ltr'>dominus</span> <span class='ocrx_word' id='word_1_223' title='bbox 1197 4124 1311 4184; x_wconf 87' lang='lat' dir='ltr'>noster</span> <span class='ocrx_word' id='word_1_224' title='bbox 1342 4138 1382 4183; x_wconf 85' lang='lat' dir='ltr'>ae</span> <span class='ocrx_word' id='word_1_225' title='bbox 1413 4115 1518 4184; x_wconf 80' lang='lat' dir='ltr'>frater</span> <span class='ocrx_word' id='word_1_226' title='bbox 1549 4121 1657 4194; x_wconf 80' lang='lat' dir='ltr'>tuus,¹</span> 
     </span>
    </p>
   </div>
   <div class='ocr_carea' id='block_1_3' title="bbox 588 4216 1638 4308">
    <p class='ocr_par' dir='ltr' id='par_1_3' title="bbox 588 4216 1638 4308">
     <span class='ocr_line' id='line_1_31' title="bbox 588 4216 1638 4308; baseline 0.002 -25"><span class='ocrx_word' id='word_1_227' title='bbox 588 4217 743 4284; x_wconf 90' lang='lat' dir='ltr'>heredem</span> <span class='ocrx_word' id='word_1_228' title='bbox 764 4216 867 4284; x_wconf 80' lang='lat' dir='ltr'>hebet</span> <span class='ocrx_word' id='word_1_229' title='bbox 888 4217 997 4284; x_wconf 90' lang='lat' dir='ltr'>filium</span> <span class='ocrx_word' id='word_1_230' title='bbox 1026 4240 1134 4300; x_wconf 90' lang='lat' dir='ltr'>suum,</span> <span class='ocrx_word' id='word_1_231' title='bbox 1167 4226 1323 4308; x_wconf 80' lang='lat' dir='ltr'>nepotem</span> <span class='ocrx_word' id='word_1_232' title='bbox 1352 4227 1459 4300; x_wconf 88' lang='lat' dir='ltr'>tuum,</span> <span class='ocrx_word' id='word_1_233' title='bbox 1479 4220 1583 4286; x_wconf 90' lang='lat' dir='ltr'>immo</span> <span class='ocrx_word' id='word_1_234' title='bbox 1604 4224 1638 4286; x_wconf 88' lang='lat' dir='ltr'>et</span> 
     </span>
    </p>
   </div>
   <div class='ocr_carea' id='block_1_4' title="bbox 588 4319 1661 4619">
    <p class='ocr_par' dir='ltr' id='par_1_4' title="bbox 588 4319 1661 4619">
     <span class='ocr_line' id='line_1_32' title="bbox 588 4319 1661 4407; baseline 0.007 -21"><span class='ocrx_word' id='word_1_235' title='bbox 588 4320 675 4386; x_wconf 83' lang='lat' dir='ltr'>filios</span> <span class='ocrx_word' id='word_1_236' title='bbox 706 4326 740 4387; x_wconf 90' lang='lat' dir='ltr'>et</span> <span class='ocrx_word' id='word_1_237' title='bbox 770 4319 864 4399; x_wconf 78' lang='lat' dir='ltr'>iiiios,</span> <span class='ocrx_word' id='word_1_238' title='bbox 898 4321 955 4407; x_wconf 90' lang='lat' dir='ltr'>qui</span> <span class='ocrx_word' id='word_1_239' title='bbox 986 4321 1092 4389; x_wconf 92' lang='lat' dir='ltr'>eidem</span> <span class='ocrx_word' id='word_1_240' title='bbox 1124 4325 1294 4391; x_wconf 88' lang='lat' dir='ltr'>suooedere</span> <span class='ocrx_word' id='word_1_241' title='bbox 1325 4322 1455 4391; x_wconf 85' lang='lat' dir='ltr'>debent</span> <span class='ocrx_word' id='word_1_242' title='bbox 1499 4323 1567 4390; x_wconf 80' lang='lat' dir='ltr'>Sed</span> <span class='ocrx_word' id='word_1_243' title='bbox 1598 4321 1661 4394; x_wconf 88' lang='lat' dir='ltr'>de.</span> 
     </span>
     <span class='ocr_line' id='line_1_33' title="bbox 590 4423 1657 4515; baseline 0.007 -25"><span class='ocrx_word' id='word_1_244' title='bbox 590 4423 723 4492; x_wconf 80' lang='lat' dir='ltr'>castello</span> <span class='ocrx_word' id='word_1_245' title='bbox 745 4423 913 4490; x_wconf 88' lang='lat' dir='ltr'>reddendo</span> <span class='ocrx_word' id='word_1_246' title='bbox 934 4423 1061 4491; x_wconf 81' lang='lat' dir='ltr'>nullam</span> <span class='ocrx_word' id='word_1_247' title='bbox 1083 4429 1218 4515; x_wconf 87' lang='lat' dir='ltr'>penitus</span> <span class='ocrx_word' id='word_1_248' title='bbox 1238 4449 1330 4514; x_wconf 84' lang='lat' dir='ltr'>spem</span> <span class='ocrx_word' id='word_1_249' title='bbox 1352 4427 1515 4514; x_wconf 82' lang='lat' dir='ltr'>ooneipiot</span> <span class='ocrx_word' id='word_1_250' title='bbox 1534 4425 1657 4497; x_wconf 77' lang='lat' dir='ltr'>Lodo.</span> 
     </span>
     <span class='ocr_line' id='line_1_34' title="bbox 590 4527 1657 4619; baseline 0.004 -25"><span class='ocrx_word' id='word_1_251' title='bbox 590 4528 699 4594; x_wconf 82' lang='lat' dir='ltr'>wicus.</span> <span class='ocrx_word' id='word_1_252' title='bbox 746 4527 835 4592; x_wconf 91' lang='lat' dir='ltr'>Dum</span> <span class='ocrx_word' id='word_1_253' title='bbox 865 4527 954 4594; x_wconf 91' lang='lat' dir='ltr'>enim</span> <span class='ocrx_word' id='word_1_254' title='bbox 985 4551 1084 4595; x_wconf 79' lang='lat' dir='ltr'>ouras</span> <span class='ocrx_word' id='word_1_255' title='bbox 1105 4530 1226 4596; x_wconf 76' lang='lat' dir='ltr'>vitales</span> <span class='ocrx_word' id='word_1_256' title='bbox 1255 4553 1387 4619; x_wconf 78' lang='lat' dir='ltr'>carpere</span> <span class='ocrx_word' id='word_1_257' title='bbox 1409 4536 1533 4619; x_wconf 90' lang='lat' dir='ltr'>potero,</span> <span class='ocrx_word' id='word_1_258' title='bbox 1556 4551 1657 4600; x_wconf 75' lang='lat' dir='ltr'>nun.</span> 
     </span>
    </p>
   </div>
   <div class='ocr_carea' id='block_1_5' title="bbox 594 4722 1637 4735">
    <p class='ocr_par' dir='ltr' id='par_1_5' title="bbox 594 4722 1637 4735">
     <span class='ocr_line' id='line_1_35' title="bbox 594 4722 1637 4735; baseline 0.005 -5"><span class='ocrx_word' id='word_1_259' title='bbox 594 4722 931 4732; x_wconf 72' lang='lat'><em>-—.-..—--—...---.-..-.</em></span> <span class='ocrx_word' id='word_1_260' title='bbox 1469 4725 1637 4735; x_wconf 49' lang='grc' dir='ltr'>-ω</span> 
     </span>
    </p>
   </div>
   <div class='ocr_carea' id='block_1_6' title="bbox 592 4854 1623 5085">
    <p class='ocr_par' dir='ltr' id='par_1_6' title="bbox 592 4854 1623 5085">
     <span class='ocr_line' id='line_1_36' title="bbox 623 4854 1474 4925; baseline 0.008 -22"><span class='ocrx_word' id='word_1_261' title='bbox 623 4854 692 4905; x_wconf 73' lang='lat' dir='ltr'>¹Air</span> <span class='ocrx_word' id='word_1_262' title='bbox 705 4889 729 4904; x_wconf 90' lang='lat'>..</span> <span class='ocrx_word' id='word_1_263' title='bbox 762 4854 831 4922; x_wconf 73' lang='lat' dir='ltr'>⁸iili]</span> <span class='ocrx_word' id='word_1_264' title='bbox 851 4857 1054 4910; x_wconf 82' lang='lat' dir='ltr'>Onsnerssnre.</span> <span class='ocrx_word' id='word_1_265' title='bbox 1172 4857 1250 4925; x_wconf 76' lang='lat' dir='ltr'>⁸mo]</span> <span class='ocrx_word' id='word_1_266' title='bbox 1271 4859 1474 4912; x_wconf 78' lang='lat' dir='ltr'>Onsnerusure.</span> 
     </span>
     <span class='ocr_line' id='line_1_37' title="bbox 625 4934 1623 5004; baseline 0.01 -23"><span class='ocrx_word' id='word_1_267' title='bbox 625 4937 635 4965; x_wconf 74' lang='lat'>²</span> <span class='ocrx_word' id='word_1_268' title='bbox 646 4934 772 4998; x_wconf 56' lang='lat' dir='ltr'>defendero</span> <span class='ocrx_word' id='word_1_269' title='bbox 783 4935 947 5002; x_wconf 79' lang='lat' dir='ltr'>etsustvdrre]</span> <span class='ocrx_word' id='word_1_270' title='bbox 966 4939 1058 4990; x_wconf 85' lang='lat' dir='ltr'>Added</span> <span class='ocrx_word' id='word_1_271' title='bbox 1065 4935 1093 4989; x_wconf 86' lang='lat' dir='ltr'>in</span> <span class='ocrx_word' id='word_1_272' title='bbox 1173 4939 1182 4968; x_wconf 80' lang='lat'><strong><em>⁴</em></strong></span> <span class='ocrx_word' id='word_1_273' title='bbox 1193 4939 1386 5004; x_wconf 67' lang='lat' dir='ltr'>recompositus]</span> <span class='ocrx_word' id='word_1_274' title='bbox 1405 4939 1498 4990; x_wconf 82' lang='lat' dir='ltr'>Added</span> <span class='ocrx_word' id='word_1_275' title='bbox 1508 4939 1536 4988; x_wconf 90' lang='lat' dir='ltr'>in</span> <span class='ocrx_word' id='word_1_276' title='bbox 1543 4952 1623 5004; x_wconf 67' lang='lat' dir='ltr'>marg.</span> 
     </span>
     <span class='ocr_line' id='line_1_38' title="bbox 592 5017 1551 5085; baseline 0.004 -19"><span class='ocrx_word' id='word_1_277' title='bbox 592 5029 671 5079; x_wconf 78' lang='lat' dir='ltr'>marg.</span> <span class='ocrx_word' id='word_1_278' title='bbox 1171 5017 1336 5085; x_wconf 66' lang='lat' dir='ltr'>‘imuirentq</span> <span class='ocrx_word' id='word_1_279' title='bbox 1355 5019 1482 5081; x_wconf 81' lang='lat' dir='ltr'>iminenti,</span> <span class='ocrx_word' id='word_1_280' title='bbox 1493 5017 1551 5071; x_wconf 80' lang='lat' dir='ltr'>MS.</span> 
     </span>
    </p>
   </div>
   <div class='ocr_carea' id='block_1_7' title="bbox 0 0 2137 6148">
    <p class='ocr_par' dir='ltr' id='par_1_7' title="bbox 0 0 2137 6148">
     <span class='ocr_line' id='line_1_39' title="bbox 0 0 2137 6148; baseline 0 0"><span class='ocrx_word' id='word_1_281' title='bbox 0 0 2137 6148; x_wconf 95' lang='lat' dir='ltr'> </span> 
     </span>
    </p>
   </div>
  </div>
 </body>
</html>
