4242 6159
637 1073 683 1124 on
705 1075 863 1126 daurons
886 1073 988 1125 arms
1012 1076 1169 1140 uererer,
1193 1077 1258 1127 viz.
1282 1077 1404 1126 raum.
1478 1065 1541 1127 455

494 1239 586 1319 simo,
609 1245 643 1307 et
674 1245 812 1330 gemmis
843 1247 1095 1334 pretiosissimis.
1141 1249 1184 1315 In
1210 1272 1276 1337 quo
1306 1257 1385 1316 ante
1419 1250 1540 1339 perfee-
1554 1257 1624 1312 nn.
1640 1266 1710 1312 12⁴1.

494 1341 637 1408 tionem¹
656 1348 764 1434 operis
779 1351 1084 1432 consummativam,
1099 1353 1261 1442 expendit
1281 1357 1317 1419 et
1339 1375 1543 1441 expensurus

493 1449 565 1532 erat
586 1447 761 1536 plusquam
783 1455 1031 1536 centummilia
1045 1477 1237 1539 marcarum,
1253 1462 1352 1545 prout
1373 1458 1443 1523 haeo
1466 1456 1543 1523 scri-

493 1547 683 1617 bantinum
711 1554 902 1640 juramento
934 1557 1136 1637 affirmavit?
1168 1558 1212 1624 ad
1244 1559 1422 1625 honorifice
1449 1582 1544 1648 repo·

492 1653 637 1720 nendum
670 1655 805 1744 gloriosi
838 1661 923 1748 regis
956 1666 991 1726 et
1025 1661 1216 1728 confessoris
1249 1661 1341 1728 beati
1375 1662 1541 1743 Edwardi,

491 1756 585 1842 cujus
627 1779 751 1847 corpus,
789 1763 869 1848 quia
905 1763 1093 1853 virgineum
1138 1787 1207 1834 esse
1244 1765 1398 1847 creditur,
1436 1767 1542 1833 incor-

491 1865 635 1946 ruptum.

542 2097 664 2170 Walter
685 2101 907 2171 Mcresoullus
926 2102 1071 2194 adeptor
1090 2111 1135 2174 ert
1156 2104 1373 2176 hereditatem
1395 2129 1497 2177 suum

794 2205 951 2294 precihus
972 2215 1002 2275 et
1023 2208 1227 2279 humilitate
1496 2220 1498 2224 ’

535 2361 630 2429 Circa
651 2362 741 2430 idem
766 2371 897 2454 tempus
930 2368 1085 2435 dominus
1116 2391 1177 2436 rex
1206 2370 1350 2458 benigne
1382 2371 1541 2438 concessit
1553 2384 1651 2436 Walter

489 2463 637 2533 Waltero
660 2467 853 2536 Marescallo
871 2481 968 2538 'suum
991 2472 1220 2559 hereditatem,
1252 2475 1342 2542 unde
1376 2475 1540 2542 difficilem
1552 2451 1695 2504 M⁸¹⁸⁸⁰¹¹⁸¹

488 2589 523 2632 se
554 2569 647 2658 prius
678 2570 737 2636 diu
769 2571 976 2658 exhibuerat,
1011 2575 1125 2643 dicens
1156 2599 1191 2642 se
1223 2577 1294 2644 sola
1327 2579 1435 2666 gratia
1466 2533 1709 2645 con-hm&-

488 2671 619 2738 cessisse
642 2695 714 2739 eam
737 2674 916 2756 (isseberto,
940 2699 1015 2743 cum
1038 2679 1208 2760 Ricardus,
1222 2686 1338 2769 captus
1361 2687 1396 2748 et
1417 2683 1540 2749 occisus
1552 2654 1692 2789 ἓξὲξ

487 2773 524 2840 in
546 2775 720 2858 Hibernia,
743 2778 813 2866 rogi
844 2779 976 2846 rebellis
1005 2781 1112 2868 ipsam
1141 2783 1365 2852 demersisset
1410 2786 1540 2854 Dilexit

488 2881 600 2946 sutem
632 2879 784 2950 dominus
816 2903 877 2950 rex
911 2881 1097 2950 Walterum
1128 2893 1264 2973 propter
1300 2887 1354 2954 sui
1388 2887 1538 2977 benigni·

488 2985 601 3061 tatem,
635 2981 867 3050 affabilitatem
898 2990 933 3050 et
965 2985 1191 3054 humilitatem
1203 3013 1214 3070 ;
1246 2994 1281 3055 et
1311 2989 1391 3076 quia
1421 2991 1480 3058 diu
1501 2992 1539 3058 in

488 3085 578 3151 curia
599 3107 659 3152 sua
681 3087 723 3153 de
744 3087 870 3153 familia
891 3110 951 3154 sua
972 3088 1135 3157 habuerat
1157 3091 1360 3160 familiarem.

490 3289 596 3388 ‘ora
617 3327 663 3388 aa
684 3320 861 3396 damete
882 3327 912 3392 e
934 3321 993 3390 aa
1014 3321 1108 3390 enar
1129 3344 1239 3412 repom
1261 3330 1291 3390 e
1313 3322 1509 3412 apocopam

887 3423 1145 3494 Norueiceusem.

532 3586 721 3658 Eonmdem
742 3593 928 3676 temporum
958 3587 1119 3656 currimdo
1149 3591 1225 3654 orta
1245 3594 1297 3656 est
1319 3589 1482 3656 discordia
1503 3595 1539 3656 et
1550 3599 1659 3666 Dispute

486 3692 537 3760 ira
558 3692 646 3760 inter
666 3691 836 3760 dominum
865 3713 976 3780 regem
997 3697 1033 3758 et
1054 3692 1242 3780 episcopum
1264 3691 1536 3773 Norewicensem,
1549 3669 1668 3801 ffl'ffi}
1760 3754 1774 3768 ..

487 3817 525 3862 eo
548 3795 636 3884 quod
658 3796 875 3884 postulationi
897 3797 939 3862 de
971 3818 1007 3866 se
1040 3783 1138 3864 fatte
1160 3797 1333 3875 consensit,
1355 3797 1391 3862 in
1415 3798 1537 3885 episco-
1549 3802 1704 3868 muuebp.

486 3920 566 3986 pum
597 3898 752 3968 videlicet
783 3899 1066 3981 Wintoniensem3
1100 3899 1189 3966 unde
1222 3899 1329 3967 multa
1350 3868 1658 3985 ἰηοοηνοηὶ-ξξῑέω

487 4002 585 4082 entia,
623 4003 730 4069 multa
766 4003 803 4070 in
840 4001 983 4070 ecclesiae
1021 4000 1260 4069 Wintoniensis
1298 4003 1466 4092 dampna³
1503 4011 1538 4072 et

486 4105 590 4170 totius
612 4106 737 4171 ordinis
759 4104 913 4171 scandala
935 4108 1015 4170 suut
1037 4103 1171 4172 secuta⁴

1114 4265 1429 4274 ——U-——n

520 4359 726 4432 ¹pcffecthrem]
744 4345 940 4423 pfeffinffihls.
1041 4355 1127 4407 which
1149 4358 1223 4407 reads
1246 4357 1313 4421 thus,
1339 4367 1364 4409 el
1380 4362 1494 4421 enormia,
1511 4361 1537 4410 in

520 4438 698 4505 'proellum
717 4439 883 4504 ,offis-mavit]
895 4439 989 4488 Added
1039 4435 1169 4503 dampnum
1188 4435 1293 4489 cocleari!
1312 4445 1337 4487 et
1354 4438 1448 4488 ordiris
1464 4457 1537 4490 econ·

486 4518 674 4570 onotheuxt.
698 4518 988 4572 Belowiswrittenvith
1039 4513 1128 4576 dolum,
1157 4525 1215 4566 wat
1243 4515 1386 4576 subsecutae
1411 4521 1462 4569 and
1486 4521 1537 4571 thir

487 4613 503 4649 a
514 4597 644 4664 plummet,
656 4601 670 4626 “
679 4597 737 4648 Hoc
748 4605 776 4650 ut
786 4597 851 4650 dirie
861 4599 930 4650 ree.''
1038 4594 1115 4658 (with
1125 4594 1169 4645 the
1179 4595 1313 4660 exception
1330 4596 1362 4648 of
1376 4605 1400 4648 et
1417 4601 1537 4662 emmiu)

521 4677 668 4744 ’dampnoJ
688 4679 777 4744 depos,
789 4679 846 4730 MS.
1021 4673 1061 4726 'is
1086 4675 1186 4726 vrittm
1209 4691 1270 4726 orer
1297 4692 1330 4728 en
1357 4693 1466 4738 erasure,
1487 4681 1538 4728 and

522 4757 622 4808 molta
635 4757 776 4808 iaeccleeioe
792 4796 799 4809 .
818 4797 824 4810 .
842 4795 849 4809 .
867 4759 984 4824 Λευκίω]
1037 4755 1115 4804 taken
1127 4755 1374 4808 homoeomerian
1390 4759 1421 4809 os
1434 4759 1538 4809 theori-

489 4838 572 4888 These
588 4840 678 4899 words,
695 4838 757 4888 with
776 4839 819 4889 the
837 4837 922 4891 rubrio
938 4838 986 4889 sol.
1037 4833 1108 4900 ginal
1120 4835 1538 4902 text,msdeuithaplummetin

488 4919 590 4984 leving,
613 4933 654 4968 ere
674 4918 774 4968 written
797 4935 829 4968 on
852 4933 868 4968 a
890 4918 938 4983 slip
960 4919 990 4969 of
1037 4914 1081 4964 the
1092 4914 1170 4965 lower
1181 4915 1288 4980 margin.

488 4999 582 5050 vellum
592 4999 680 5064 pasted
692 5013 753 5050 over
763 4999 807 5050 the
820 4999 986 5062 terrueruut,
