4242 6159
594 974 660 1040 266
719 985 886 1038 urinum
908 985 1119 1040 rsmsmssrs
1142 989 1307 1042 smmum
1328 989 1527 1044 morosos.

425 1168 496 1224 An).
511 1177 583 1226 mre
592 1163 685 1229 tenet
705 1160 760 1227 te¹
784 1161 936 1228 minister
959 1162 1105 1249 ejusdem
1131 1163 1237 1228 sancti
1258 1161 1377 1243 Pauli,2
1391 1185 1460 1232 suae
1485 1165 1659 1234 crustodiss.

592 1262 845 1351 mancipetum''
890 1265 954 1332 Oui
969 1263 1147 1343 Fslcssius,
1169 1271 1187 1302 ‘¹
1198 1265 1359 1334 Sanctum
1373 1265 1523 1346 Paulum,
1547 1291 1639 1336 sune-
1652 1319 1667 1334 ..

591 1373 665 1433 tum
678 1367 855 1447 Albanum,
877 1371 1025 1434 sunctum
1048 1367 1292 1448 Etheldredsm,
1316 1373 1350 1436 et
1372 1369 1495 1436 multos
1509 1375 1658 1440 sanctos.

591 1471 656 1536 Dei
688 1491 747 1557 pro
780 1491 889 1536 umore
918 1471 1006 1558 regis
1035 1471 1166 1537 offendi.
1224 1471 1270 1538 Et
1302 1471 1390 1538 mule
1421 1493 1495 1539 meu
1527 1474 1657 1540 nunc³.

591 1577 834 1661 exaggerantur
863 1593 964 1661 super
994 1580 1096 1660 eaput
1126 1571 1265 1640 meum.''
1320 1573 1367 1640 Et
1396 1596 1470 1642 cum
1501 1575 1656 1644 dixisset.

590 1678 668 1755 haec,
690 1674 891 1763 respiciens⁴
914 1676 1003 1743 vidit
1027 1675 1166 1742 fratrem
1189 1697 1286 1742 suum
1309 1677 1545 1764 W[illelmum]
1568 1701 1666 1746 sus..

588 1779 751 1867 pensum,⁶
777 1784 812 1845 ct
833 1776 1014 1866 cognotos⁶
1043 1801 1128 1858 suos,
1153 1783 1188 1844 et
1209 1781 1330 1846 smieos
1356 1785 1391 1848 et
1420 1782 1524 1848 socios
1552 1803 1656 1862 suos„

589 1904 670 1969 quos
691 1882 810 1948 hnbuit
832 1880 1039 1960 carissimos,⁷
1061 1879 1221 1970 patibulis
1243 1905 1302 1969 per
1316 1883 1474 1962 ordinem,
1488 1885 1637 1951 leorime-
1649 1936 1663 1950 ..

588 1985 701 2051 biliter
722 1983 895 2071 ingemuit,
918 1989 953 2050 et
975 1983 1073 2064 dixit,
1107 1983 1162 2050 “O
1186 1986 1399 2071 quemdum,
1433 2007 1531 2073 quarn
1563 1987 1655 2054 diro.

587 2093 639 2154 est
660 2087 725 2153 Dei
751 2090 786 2152 et
807 2091 997 2152 sauctorum
1028 2086 1100 2172 ejus
1123 2086 1283 2165 vindicte,
1308 2091 1343 2154 et
1364 2095 1490 2174 quanto
1511 2091 1655 2156 tardior.

587 2196 683 2256 tento
704 2189 849 2255 severior
858 2188 889 2255 1⁸
913 2188 991 2255 Heu
1006 2189 1109 2254 mihi!
1126 2189 1214 2275 quod
1230 2190 1267 2255 in
1281 2195 1415 2258 tautum
1429 2193 1655 2279 protrahitur.

587 2294 661 2357 vito
682 2312 765 2369 meo,
796 2296 836 2357 ut
857 2290 945 2356 hunc
970 2290 1058 2356 diem
1081 2291 1247 2372 viderem;
1273 2293 1360 2378 quod
1382 2315 1441 2380 per
1465 2299 1654 2380 peceatum.

586 2391 721 2459 meum⁰
752 2397 806 2458 tot
828 2391 957 2458 streuui
985 2397 1103 2479 totque
1133 2393 1260 2460 nobiles
1289 2399 1359 2460 tem
1382 2394 1509 2482 abjecte
1531 2399 1654 2484 peris·-

586 2493 692 2562 mnt'’
738 2493 790 2559 De
811 2493 873 2560 hoc
893 2493 999 2582 igitur
1020 2517 1098 2569 essu
1121 2495 1256 2581 quidam
1278 2497 1324 2562 sio
1345 2497 1402 2574 sit,
1645 2527 1809 2594 Quom

426 2658 525 2712 vm.
675 2651 693 2678 ..
708 2637 858 2708 eernere
880 2641 916 2707 in
939 2663 1059 2724 mense,
1088 2641 1187 2709 raso
1209 2647 1279 2710 em
1305 2643 1451 2712 fervidus
1473 2666 1558 2728 ene,
1690 2609 1726 2646 ¹¹·
1739 2603 1781 2648 ⁹⁸·

721 2743 839 2812 Omine
853 2743 916 2810 sub
928 2741 955 2781 ¹⁰
976 2767 1074 2822 suevo,
1089 2743 1247 2833 quiequid
1269 2746 1424 2832 quaesivit
1446 2747 1489 2814 ab
1512 2747 1612 2817 sevo.'’

419 2929 569 2998 Theseos
631 2910 678 2975 Et
703 2908 881 2996 episcopus,
911 2905 997 2972 sicut
1020 2911 1093 2972 eret
1114 2906 1213 2972 horno
1243 2907 1426 2976 misericors
1456 2916 1492 2977 et
1520 2915 1650 2985 temen,

417 2997 546 3050 ΜΨ
587 3011 754 3090 'ocundus,
776 3010 863 3076 siout
885 3013 1000 3096 postes
1021 3008 1117 3075 nobis
1139 3009 1298 3088 narravit,
1324 3011 1552 3100 redarguendo
1574 3015 1651 3093 uit„

416 3063 537 3118 resson
579 3037 595 3100 J
1003 3111 1010 3127 ,
1162 3111 1205 3126 ,,

417 3133 496 3197 reply.
582 3120 735 3204 repetens
756 3117 791 3179 et
812 3131 980 3201 exponens
1001 3111 1084 3177 illud
1107 3111 1319 3192 Ovldrunum,

671 3263 739 3330 “Si
762 3262 802 3328 de
825 3264 878 3327 tot
900 3259 988 3327 laesis
1010 3283 1071 3326 sue
1092 3260 1232 3325 numine
1246 3259 1384 3348 quisque
1406 3261 1541 3330 deorum
1643 3328 1649 3342 ,

714 3363 878 3444 Vindicet,
901 3363 937 3428 in
959 3363 1067 3450 poenis
1089 3385 1156 3428 non
1179 3362 1260 3430 satis
1282 3387 1369 3430 unus
1392 3365 1516 3432 eris.”¹¹
1641 3431 1648 3444 ,

626 3528 690 3593 Pro
722 3526 786 3593 hoc
822 3524 958 3589 nomine
982 3523 1178 3590 “deomm”
1199 3523 1279 3612 poni
1309 3530 1430 3614 potest,
1470 3528 1646 3599 catholice.

581 3630 754 3717 loquendo,
771 3636 789 3665 “
799 3633 988 3695 sanctorum
1000 3624 1030 3707 ;''
1051 3631 1087 3692 et
1100 3627 1154 3704 sic,
1170 3626 1310 3694 dilntsto
1324 3635 1465 3715 peccato,
1480 3631 1647 3702 vindicte.

581 3739 616 3799 et
646 3753 747 3820 poene
779 3731 982 3818 dispergitur
1018 3730 1055 3794 in
1093 3735 1267 3796 consortes
1328 3731 1411 3798 Haec
1435 3735 1646 3821 propensius,

581 3834 737 3902 duximus
758 3835 991 3912 enarrendum,
1020 3853 1063 3898 ne
1086 3833 1160 3917 quis
1183 3833 1296 3899 credet
1317 3833 1459 3921 impune
1476 3857 1511 3904 se
1533 3859 1645 3924 posse.

581 3936 825 4026 quomodolibet
847 3935 970 4002 similis
990 3939 1183 4022 perpetrare.

612 4168 666 4235 1τι]
684 4166 831 4219 interlincd
1158 4165 1303 4232 Μυραῖοι]
1323 4173 1470 4233 congustos,
1481 4167 1539 4221 MS.

612 4249 714 4299 'metr'
724 4242 902 4312 pastuum
913 4243 1004 4304 suncti,
1014 4241 1081 4304 MS„
1158 4247 1329 4313 πωτέρω]
1348 4249 1544 4310 estimoniis.

579 4323 985 4388 butmrkedtotetrsrsposcd
1157 4326 1626 4394 'mmdlnthemsrginissddcdr

611 4407 710 4472 1ιιιιηο]
730 4405 822 4455 Added
833 4419 867 4454 on
879 4402 1035 4453 rochetem
1124 4407 1139 4430 “
1153 4403 1329 4458 Testimonium.
1354 4407 1503 4474 Gregorius.
1543 4409 1626 4460 Lento

612 4487 691 4547 ‘tac
713 4483 859 4551 respiciens]
889 4481 1025 4547 Purtlyou
1046 4497 1079 4532 sn
1124 4485 1204 4550 gradu
1214 4486 1301 4537 dirius
1313 4489 1426 4551 pmcedit
1443 4487 1626 4548 severimsed

577 4581 684 4620 mm
1123 4564 1267 4616 nruinten
1298 4565 1423 4632 murare
1455 4569 1625 4632 conpenset?

610 4643 787 4713 wopam]
814 4643 846 4693 In
869 4642 913 4693 the
934 4640 1079 4708 marginis
1124 4643 1574 4700 Thisisiusertediuthetextosld.

578 4727 689 4786 written,
706 4724 734 4774 in
745 4723 841 4775 sumu
852 4723 883 4772 ot'
893 4722 937 4774 the
950 4722 1010 4773 lsrh
1020 4737 1079 4772 cen-
1155 4724 1264 4790 ἀπα]
1282 4725 1426 4777 Intcrlined

577 4815 646 4872 tnry,
657 4805 710 4856 thir
719 4809 780 4854 note
793 4821 800 4854 ι
820 4804 936 4868 “eorpus
945 4799 1078 4853 Wsslielmi
1157 4805 1176 4834 ¹⁰
1187 4801 1246 4869 sub]
1264 4809 1324 4866 tum,
1337 4805 1367 4856 Ε.

573 4888 644 4952 jacet
660 4885 784 4949 sepultum
798 4880 876 4946 Juxta
896 4893 994 4948 quum,
1011 4881 1079 4932 inter
1158 4882 1174 4914 ¹¹
1187 4881 1261 4934 ovio.
1274 4881 1320 4948 Dp„
1332 4883 1359 4935 ii.
1371 4889 1411 4936 ⁴3.

576 4959 888 5019 mvmemm·'’
