4242 6159
601 1022 666 1085 160
726 1037 891 1088 narrum
913 1036 1127 1087 rsarsmusrs
1151 1035 1313 1085 maroam
1335 1034 1531 1089 assuerum.

431 1322 501 1375 al).
516 1327 587 1373 1215.
629 1305 754 1372 Utres
774 1303 950 1371 Jolaaccs
973 1304 1020 1370 cd
1048 1303 1183 1371 Vectem
1205 1302 1362 1371 iamlam
1383 1324 1415 1371 se
1437 1302 1624 1371 coelalem't.

470 1532 476 1543 ,
644 1458 718 1525 Rex
751 1458 856 1545 igitur
887 1462 984 1524 nocte
1015 1456 1074 1523 illa
1108 1457 1179 1523 sine
1214 1456 1326 1541 quiete
1357 1455 1534 1541 quiescens,
1568 1462 1645 1523 ante
1655 1469 1832 1533 Roawend.

431 1538 555 1649 affl?
599 1562 705 1627 lucem
735 1562 778 1626 ad
813 1560 947 1627 Vectem
978 1560 1122 1625 insulam
1152 1559 1296 1625 latenter
1325 1558 1475 1645 confugit
1504 1580 1543 1624 ac
1571 1581 1645 1646 pro·
1684 1537 1722 1588 ⁵¹³·
1737 1546 1804 1594 ³¹⁹·

431 1664 568 1784 Q}
598 1671 761 1751 peranter‚
784 1665 975 1752 excogitans
997 1664 1143 1729 studiose
1166 1683 1230 1749 quo
1264 1668 1379 1728 contra
1404 1663 1544 1729 barones
1570 1684 1646 1729 suos

432 1800 562 1853 mediata
599 1768 736 1835 ultionis
757 1788 876 1856 genere
907 1772 1079 1847 uteretur;
1099 1764 1157 1830 illa
1179 1765 1229 1829 ira
1250 1764 1496 1843 excandescens,
1518 1766 1559 1831 de
1582 1787 1665 1851 qua.

431 1881 546 1931 revenge.
597 1868 826 1958 Augustinua¹
852 1868 974 1948 doctor,
999 1875 1018 1904 “
1033 1868 1091 1935 Ira
1113 1874 1164 1933 est
1184 1867 1287 1933 libido
1310 1866 1532 1945 ulciscendi,''⁹
1555 1870 1666 1955 cupi.

597 1994 727 2059 ensque,
751 1972 928 2038 dummodo
950 1971 1051 2051 ultus,
1067 1970 1224 2037 confundi
1246 1992 1321 2036 cum
1345 1970 1496 2053 confusia
1518 1970 1664 2057 gladio.

597 2099 660 2161 que
694 2075 859 2163 spirituali
897 2081 931 2139 et
968 2074 1133 2139 materiali
1170 2073 1350 2141 meditatus
1387 2080 1438 2139 est
1474 2074 1664 2139 tmcidare..

430 2189 557 2241 Heaends
599 2179 694 2244 Misit
725 2179 830 2266 igitur
862 2178 906 2243 ad
940 2177 1122 2243 Romanam
1156 2177 1281 2243 curiam
1320 2176 1561 2264 Pandulphum,
1592 2176 1644 2242 cui

430 2257 565 2384 afflig}
599 2282 738 2347 multam
772 2281 922 2367 promisit
953 2280 1215 2361 retributionem,
1248 2278 1403 2345 videlicet
1434 2280 1665 2368 archiepisco.

429 2392 587 2451 torrmrate,
598 2389 714 2471 patum
744 2384 799 2449 vel
831 2384 1060 2469 episcopatum,
1092 2404 1166 2449 cum
1204 2382 1357 2448 thesauro
1395 2404 1462 2448 non
1498 2382 1665 2461 minima·

429 2457 518 2589 m}
598 2510 674 2552 cum
707 2486 781 2551 aliis
812 2487 1009 2572 quibusdam
1046 2486 1179 2551 secretis
1210 2486 1348 2564 nunciis,
1380 2486 1540 2573 corruptis
1569 2508 1664 2573 pro..
1681 2490 1831 2571 ltnwens.

429 2592 563 2655 authority,
597 2590 697 2655 ml⁸⁸⁰
731 2587 914 2675 ΜΠῙῑῘΡῙῙθὶ,
946 2594 986 2655 ul
1015 2589 1177 2655 baronum
1210 2588 1415 2677 pmpositum
1446 2588 1663 2655 auctoritate.
1689 2572 1728 2609 ¹¹¹·
1744 2566 1810 2611 ³²⁰·

428 2658 776 2789 {hgdl‘gwfapostoliea
804 2692 983 2758 irritarent.
1029 2692 1125 2757 Misit
1147 2693 1248 2758 etiam
1263 2691 1455 2769 Walterum,
1478 2692 1643 2778 Wigomi.

428 2793 576 2842 rueramus.
597 2818 707 2861 ensem
730 2795 916 2882 episcopum
950 2801 985 2861 et
1019 2794 1152 2881 Anglise
1185 2794 1424 2873 cancellarium,
1446 2794 1643 2873 Johannem,

428 2882 584 3012 fficiam
597 2900 784 2986 episcopum
808 2898 1062 2976 Norvvicensem,
1081 2896 1259 2963 Ricardum
1282 2896 1324 2962 de
1347 2897 1494 2976 ldarisco,
1517 2897 1642 2963 Willel-

427 3025 454 3067 to
464 3017 530 3068 raiae
597 3024 688 3067 mum
712 3001 858 3081 Gemun,
874 3007 908 3068 et
924 3002 1102 3089 Hugonem
1129 3001 1185 3087 [de
1200 2998 1347 3086 Boves],³
1369 3001 1458 3066 viros
1472 3000 1662 3067 cavillosos.

428 3099 575 3152 mercensi-y

428 3152 515 3203 forces.
597 3111 632 3170 et
665 3105 855 3191 reipublicae
889 3104 983 3193 regni
1015 3103 1148 3191 Angliae
1182 3102 1433 3183 inimicissimae,
1457 3103 1500 3168 ad
1532 3104 1662 3169 omnia.

593 3208 738 3273 finitima
774 3230 877 3295 regna
906 3206 1134 3286 ultramarina,
1164 3227 1237 3271 cum
1275 3205 1382 3293 sigillo
1412 3228 1479 3285 suo,
1510 3210 1642 3295 propter

594 3310 736 3375 militare
758 3308 957 3395 praesidium,
971 3309 1168 3395 promittens
1184 3309 1231 3373 eis
1246 3312 1350 3373 terras
1373 3314 1407 3375 et
1429 3309 1643 3395 possessiones

594 3413 719 3500 opimas
741 3418 775 3477 et
797 3410 933 3498 amplae,
955 3433 1030 3476 cum
1052 3411 1190 3497 pecunia
1212 3412 1363 3477 maxima
1409 3410 1455 3475 Et
1477 3408 1520 3477 ad
1542 3412 1643 3497 majo·

594 3538 664 3580 rem
686 3515 794 3590 fidem,
817 3514 845 3579 si
876 3535 1006 3579 necesse
1039 3518 1134 3593 esset,
1167 3513 1312 3579 facerent
1346 3512 1498 3579 omnibus
1530 3515 1643 3581 venire

594 3616 783 3682 volentibus
814 3620 921 3682 cartas
955 3616 997 3681 de
1030 3617 1205 3683 securitate
1240 3621 1275 3682 et
1309 3615 1472 3703 stipendio
1504 3616 1642 3681 militari

595 3720 782 3800 uberrim03
818 3719 1061 3805 terminumque
1095 3719 1162 3784 illis
1193 3719 1347 3806 praefixit,
1380 3718 1536 3806 quatinus
1567 3742 1640 3785 cum

426 3834 567 3889 musone
595 3823 767 3902 universis,
800 3844 882 3907 quos
903 3822 1070 3888 attrahere
1104 3827 1269 3909 poterant,
1299 3821 1502 3887 advenirent.
1548 3821 1642 3888 Misit

427 3903 754 4034 ffiffiqpraeterea
775 3925 896 4003 literas,
919 3925 961 3990 ad
993 3926 1150 4013 majorem
1181 3926 1232 3990 sui
1263 3930 1297 3991 et
1318 3926 1423 3991 totius
1444 3925 1538 4012 regni
1567 3946 1660 4012 per·.

426 4036 546 4100 ordering
595 4030 713 4094 niciem
734 4032 770 4093 et
801 4027 1032 4105 confusionem,
1056 4026 1099 4093 ad
1133 4048 1246 4093 omnes
1268 4026 1462 4093 castellanos
1493 4048 1568 4091 suos
1597 4027 1658 4092 de.

425 4104 550 4219 ffiulss„
594 4153 695 4219 regno
716 4130 858 4217 Angliae,
873 4130 1065 4218 praecipiens
1087 4130 1235 4219 singulis,
1254 4135 1294 4196 ut
1316 4130 1448 4196 castella
1469 4152 1529 4196 sua
1551 4130 1639 4195 omni

426 4237 494 4287 their
595 4234 791 4303 victualium
821 4239 856 4298 et
887 4254 1053 4298 armorum
1083 4254 1202 4319 genere
1224 4255 1298 4299 cum
1328 4232 1480 4319 praesidio
1503 4233 1638 4299 militari

427 4303 522 4354 ΜΕ
595 4336 841 4404 communirent.
888 4335 1059 4421 Similique
1093 4336 1189 4401 modo
1211 4335 1334 4401 multos
1364 4336 1403 4401 de
1425 4358 1456 4401 v.
1480 4335 1658 4422 portubus

428 4451 501 4502 John
511 4452 582 4503 lenda
593 4442 657 4507 sibi
681 4438 870 4507 incurvavit
903 4443 1084 4503 enervatos.
1130 4438 1205 4525 Ipse
1236 4460 1365 4525 quoque
1398 4439 1541 4516 interim,
1575 4439 1657 4502 im-.

427 4518 566 4650 {lgssjssgf
593 4566 718 4610 memor
733 4542 907 4630 dignitatis
928 4541 1036 4629 regis,
1052 4539 1199 4628 pasus⁴
1220 4540 1368 4627 piraticis
1390 4541 1536 4620 vasus,
1550 4541 1650 4607 aar.

627 4836 633 4865 ¹
647 4833 814 4899 Asparata]
851 4840 953 4884 mactus
981 4832 1092 4897 quidam,
1174 4830 1323 4898 mesola]
1334 4832 1454 4897 Supplied
1460 4830 1637 4883 fromW.B.C.

593 4916 624 4965 B.
633 4914 662 4964 C.
1172 4912 1181 4940 ⁴
1188 4910 1295 4977 prades]
1316 4912 1372 4964 'l'he
1388 4912 1437 4963 lass
1453 4911 1558 4977 syllable
1573 4910 1639 4962 ison

626 4996 637 5024 ²
647 4994 688 5044 De
696 4992 752 5046 Giv.
769 4991 821 5053 Dei,
833 4992 875 5043 lib.
887 4991 940 5042 xiv.
951 5006 974 5043 c.
987 4995 1025 5041 15.
1139 5006 1172 5042 an
1183 5005 1288 5043 erasure,

893 5284 915 5338 Ο
