4242 6159
593 998 657 1062 306
724 1008 890 1061 nsrrsm
912 1007 1126 1062 snnmuusrs
1149 971 1312 1060 flieronis
1326 1005 1534 1058 'suenorum

629 1267 800 1350 Qisootodo
819 1274 996 1352 omnum
1017 1267 1255 1340 transutarini
1275 1289 1386 1353 repom
1407 1265 1608 1354 duplorum

828 1369 1070 1452 sollicitarunt,
1095 1377 1136 1437 ut
1162 1369 1406 1456 transfretaret.

428 1524 584 1577 1111299·
641 1518 741 1584 Anno
757 1518 893 1584 Domini
907 1533 1145 1597 M⁰.cc0.xm⁰.,
1161 1519 1219 1608 qui
1240 1523 1291 1600 est
1312 1540 1420 1584 annus
1439 1516 1533 1604 regni
1555 1515 1641 1602 regis
1654 1501 1821 1605 Jluwenc.

429 1616 520 1684 fleury
600 1619 736 1687 Henrici
751 1621 817 1686 III.
834 1627 971 1708 quartus
984 1622 1137 1700 decimus,
1151 1618 1260 1686 idem¹
1276 1642 1337 1688 rex
1351 1621 1534 1708 Anglorum
1550 1618 1662 1686 Hen-.
1691 1608 1727 1644 Π·
1743 1597 1805 1644 ¹⁷⁹·

428 1684 570 1800 dmm„
598 1724 683 1788 ricus
716 1724 760 1789 ad
793 1724 913 1791 Natale
948 1724 1086 1788 Domini
1123 1725 1234 1788 tenuit
1270 1724 1394 1788 curiam
1431 1745 1523 1788 suem
1555 1721 1643 1808 apud

430 1822 457 1867 11
469 1815 575 1866 Oxforu
599 1826 772 1906 Oxoniam,
795 1825 1012 1912 praesentibus
1034 1827 1246 1914 magnatibus
1267 1826 1362 1914 regni
1384 1824 1663 1912 qrmmplurimis.·

432 1932 488 2012 {Ph}
499 1934 565 2050 Ἢ
599 1929 670 1994 Ubi
684 1928 778 1994 venit
795 1928 960 2014 adipsum
974 1928 1236 2016 archiepiscopus
1251 1927 1511 2015 Burdegelensis,
1525 1927 1643 1994 missus

432 2015 564 2184 tl,
599 2029 1644 2200 2insistentibustulus
1693 2077 1696 2084 ’

431 2199 581 2318 miii?
600 2156 785 2306 celebgravit
840 2237 1012 2306 Venerunt
1033 2155 1134 2306 etiiim
1156 2186 1199 2306 ,et
1228 2239 1286 2304 alii
1311 2238 1425 2304 nuncii
1451 2237 1645 2324 sollempnes

431 2339 548 2451 ἓξὲξ
601 2341 642 2409 de
665 2340 880 2420 Normannia,
903 2362 1042 2426 quorum
1067 2343 1213 2408 omnium
1237 2359 1342 2408 unum
1368 2345 1439 2408 eret
1467 2341 1644 2430 negotium,

431 2465 508 2518 nm
601 2447 641 2508 ut
655 2442 809 2508 videlicet
831 2463 873 2508 ex
894 2448 989 2529 parte
1010 2450 1206 2532 magnatum
1220 2445 1391 2532 regionum
1412 2442 1645 2532 praedictarum

600 2567 710 2632 regem
743 2543 888 2612 studiose
918 2545 1140 2625 sollicitarent,
1172 2547 1328 2634 quatinus
1358 2545 1402 2612 ad
1433 2551 1544 2634 partes
1572 2546 1644 2612 illes

599 2648 712 2714 venire
734 2647 770 2713 in
791 2647 923 2736 pmpris
945 2669 1084 2736 persona
1105 2647 1320 2736 dignaretur;
1352 2647 1590 2714 denunciantes
1612 2649 1643 2714 ei

598 2748 835 2830 indubitanter,
857 2751 946 2838 quod
960 2751 1108 2818 universi
1127 2752 1170 2818 ed
1191 2773 1268 2818 eum
1288 2771 1362 2818 cum
1378 2751 1470 2838 equis
1492 2751 1643 2818 venirent

599 2856 633 2916 et
655 2852 754 2917 armis
775 2858 809 2916 et
831 2851 952 2939 populo
974 2857 1047 2919 toto
1069 2853 1220 2940 regionis,
1237 2858 1336 2940 atque
1357 2875 1431 2918 cum
1449 2852 1507 2917 illo
1527 2853 1644 2918 immu-

599 2952 749 3019 tabiliter
768 2957 896 3019 starent
919 2955 1088 3040 usquead
1111 2955 1257 3042 capitum
1279 2954 1508 3042 expositiones,
1531 2959 1571 3019 ut
1592 2976 1661 3028 re-,

560 3138 563 3142 ι
597 3078 713 3122 vocare
735 3056 876 3143 possetj
960 3079 1020 3122 sua
1041 3057 1162 3122 amissa
1184 3063 1218 3124 et
1240 3056 1439 3123 hereditates
1463 3039 1662 3143 dissipates..

596 3157 777 3246 Indignum
805 3159 937 3244 quidem
970 3160 1050 3246 ipsis
1083 3159 1269 3241 videbatur,
1292 3159 1374 3228 colla
1405 3181 1464 3224 sua
1489 3159 1662 3234 muliebri,

596 3262 742 3328 dominio
773 3261 989 3349 supposuisse,
1012 3268 1047 3327 et
1080 3262 1223 3330 domines
1254 3261 1431 3341 Blenchiae,
1455 3284 1529 3350 quae
1555 3263 1661 3350 ipsos

596 3385 688 3432 secus
710 3386 809 3453 quam
831 3364 961 3430 deceret
982 3367 1209 3451 pertractavit,
1233 3366 1399 3434 inclinare.

785 3643 1021 3714 Pusillaoiruc
1043 3644 1233 3714 consilium
1249 3645 1455 3732 justiciarii.

430 3811 530 3865 Hubert
540 3815 572 3866 ce
643 3803 716 3870 Rex
737 3807 858 3882 antem
874 3804 931 3890 qui
945 3804 1053 3872 adhuc
1074 3805 1178 3872 nimia
1199 3811 1270 3872 erat
1291 3781 1419 3872 cerens²
1433 3799 1644 3888 simplicitate
1653 3813 1820 3892 Bcg.wenu

430 3879 572 3998 ξῖξᾚ
599 3912 633 3973 et
654 3912 749 3972 tener
770 3893 879 3986 atate,
901 3930 922 3971 a
937 3905 1124 3993 justiciario
1146 3930 1207 3974 suo
1230 3907 1425 3996 H[uberto],
1448 3926 1546 3992 quem
1568 3903 1664 3971 uni-
1683 3896 1718 3931 ¹'·
1734 3885 1793 3935 ¹⁷⁹·

430 4019 671 4081 toooetponecum
694 4007 815 4074 habuit
836 4011 1031 4096 magistrum
1055 4015 1091 4076 et
1113 4010 1344 4090 consiliarium,
1368 4009 1539 4078 consilium
1554 4027 1642 4092 quae·
1664 4057 1671 4074 .

430 4079 578 4134 themuer.
597 4133 680 4192 rens,
712 4111 799 4177 nihil
829 4112 920 4176 eliud
953 4114 1087 4199 accepit,
1119 4114 1186 4180 nisi
1218 4119 1258 4180 ut
1286 4113 1456 4201 negotium
1486 4109 1642 4187 differret,

596 4215 699 4281 donec
728 4215 856 4280 firmius
877 4215 1112 4283 certificaretur
1143 4223 1178 4282 et
1204 4216 1286 4283 hors
1307 4215 1443 4298 ,felicior
1473 4213 1662 4279 arrideret..

595 4315 719 4384 Nuntii
740 4338 828 4397 vero,
851 4316 944 4382 aliud
969 4339 1036 4382 non
1058 4317 1218 4386 habentes
1239 4319 1277 4384 in
1298 4319 1469 4408 responsis,
1493 4315 1659 4384 dolentes·

595 4424 630 4486 et
650 4418 746 4488 sine³
768 4441 825 4508 spe
846 4420 1072 4509 respirationis
1094 4421 1138 4488 ad
1160 4423 1292 4510 propria
1313 4425 1509 4490 remearunt

628 4691 836 4758 'qui...lden]
855 4692 1078 4759 Addedinmnrg.
1174 4691 1407 4762 8dolentesetsiue]
1428 4695 1630 4749 onanernure.

626 4773 637 4802 ¹
647 4773 743 4839 cereus]
762 4772 795 4823 In
806 4773 848 4824 W.
857 4773 888 4824 B.
897 4771 934 4833 0.,
942 4772 1083 4839 perplexur.
