4242 6159
564 1024 642 1097 394.
703 1037 868 1091 narrum
889 1038 1104 1091 rsaurnrsre
1126 1038 1292 1093 mercam
1313 1038 1512 1093 arenosum

396 1214 763 1280 A.1>.1as⁷.necessarios
785 1221 972 1281 reservetur
993 1215 1238 1303 expendenda''
1275 1217 1372 1299 Quod
1386 1217 1526 1285 verbum
1549 1238 1625 1284 cum

567 1318 716 1403 graviter
737 1319 947 1405 accepissent,
969 1318 1169 1406 generaliter
1201 1340 1405 1385 murmurare
1432 1320 1623 1408 coeperunt¹

397 1420 452 1472 Tne
463 1421 528 1501 ring
571 1418 667 1500 Quod
689 1442 763 1485 cum
786 1442 847 1486 rex
868 1420 1095 1499 intellexisset,
1111 1421 1246 1507 cupiens
1261 1444 1412 1488 murmur
1427 1423 1488 1489 boc
1502 1424 1624 1501 sedura

396 1498 557 1608 Ξζῗᾲῗᾞ
568 1522 786 1609 pollicebatur
803 1524 922 1610 jurans
947 1546 982 1589 se
1004 1544 1175 1610 nunquam
1206 1524 1349 1611 amplius
1382 1525 1508 1591 nobiles
1529 1528 1624 1613 regni

396 1622 550 1737 {terreor
569 1625 630 1691 tali
664 1628 836 1693 exactione
870 1626 1052 1705 molestare,
1085 1626 1265 1692 dummodo
1296 1626 1360 1693 eibi
1399 1628 1623 1723 adpraesens

397 1704 491 1807 Cari?
569 1728 735 1795 tricesima
764 1751 841 1816 pars
872 1728 1044 1795 mobilium
1066 1728 1198 1815 Angliae
1228 1729 1278 1794 illi
1310 1730 1453 1817 benigne
1475 1753 1624 1798 concessa

566 1831 756 1897 solveretur.
788 1830 1114 1919 Disceptationibus⁰
1127 1830 1233 1918 igitur
1248 1832 1338 1898 inter
1351 1838 1524 1919 magnates
1538 1835 1622 1899 mul-

566 1934 733 2019 tiplicatis,
757 1938 962 2020 protractum
985 1938 1037 2000 eet
1058 1934 1258 2021 colloquium
1288 1936 1325 1999 in
1347 1956 1473 2001 moram
1495 1938 1622 2023 quatri-

564 2035 715 2101 duanam.
761 2036 835 2101 Rex
866 2037 979 2122 itaque
1011 2036 1127 2101 volens
1158 2036 1224 2101 sibi
1254 2042 1451 2125 magnatum
1485 2060 1620 2104 suorum

561 2138 704 2224 gratiam
727 2138 907 2216 conciliare,
930 2138 1030 2203 vultu
1052 2160 1167 2204 sereno
1199 2142 1234 2203 et
1266 2145 1448 2226 spontanea
1469 2142 1620 2227 'promisit

563 2241 747 2320 voluntate,
770 2238 943 2306 libertates
964 2239 1098 2328 Magnae
1122 2238 1233 2307 Oartae
1256 2262 1301 2307 cx
1331 2253 1413 2306 tunc
1444 2241 1619 2307 inviolabi-

562 2343 640 2407 liter
662 2344 845 2409 observare
890 2343 936 2408 Et
958 2344 1037 2429 quia
1050 2343 1230 2409 videbatur
1252 2364 1321 2408 non
1343 2344 1478 2431 penitus
1500 2344 1618 2411 immu-

546 2446 615 2509 :nis
637 2469 658 2510 a
680 2445 853 2523 sententia,
876 2467 977 2531 quam
1009 2445 1134 2511 tulerat
1164 2445 1430 2533 archiepiscopus
1460 2446 1618 2536 S[tepha-

563 2546 654 2635 nue],
669 2570 743 2613 eum
766 2548 919 2614 omnibus
939 2548 1068 2635 Angliae
1084 2548 1242 2636 episeopis
1263 2549 1299 2612 in
1314 2570 1428 2615 omnes
1443 2548 1619 2615 violatores

562 2651 730 2737 praedictae
763 2656 873 2731 cartae,
907 2672 1007 2738 quam
1039 2650 1123 2716 rex³
1158 2652 1246 2717 malo
1279 2650 1415 2717 consilio
1449 2651 1553 2717 fretus
1582 2654 1617 2717 in

562 2757 655 2841 parte
692 2752 831 2832 laeserat,
864 2753 941 2820 fecit
977 2754 1014 2819 in
1051 2753 1184 2841 publico
1221 2754 1381 2819 innovare
1419 2755 1617 2819 sententiam

561 2862 781 2943 praetaxatam
803 2858 841 2922 in
863 2878 976 2923 omues
998 2857 1145 2943 ejusdem
1175 2860 1276 2923 cartae
1307 2858 1561 2923 contradictores
1583 2864 1618 2923 et

562 2959 761 3042 violatores;
793 2960 848 3038 sic,
872 2965 913 3025 ut
934 2960 963 3025 si
985 2981 1044 3047 per
1067 2960 1210 3045 aliquem
1232 2963 1427 3046 conceptum
1449 2980 1618 3025 rancorem

561 3061 647 3128 forte
670 3084 744 3128 eam
766 3084 834 3128 non
857 3062 1090 3141 observaverit,
1116 3062 1153 3126 in
1184 3062 1289 3127 latam
1321 3060 1520 3127 sententiam
1541 3084 1616 3149 gra-

560 3167 636 3231 vius
658 3166 865 3233 recidivaret.
911 3164 1013 3230 Unde
1044 3164 1171 3230 factum
1202 3169 1261 3242 est,
1285 3169 1324 3229 ut
1348 3164 1497 3229 omnium
1519 3166 1617 3230 corda

561 3268 598 3334 in
620 3269 721 3335 verbo
743 3268 805 3333 hoe
828 3266 996 3333 voluntati
1019 3288 1087 3332 euee
1117 3267 1247 3354 plenius
1268 3266 1450 3333 inclinaret.
1497 3266 1617 3353 Igitur,
1670 3256 1676 3269 ⁸

561 3372 639 3457 quia
660 3371 781 3436 durum
802 3369 988 3449 videbatur,
1011 3369 1099 3457 ipsos
1125 3370 1183 3456 qui
1215 3368 1374 3435 hacteuus
1407 3368 1447 3433 de
1481 3368 1616 3435 consilio

560 3474 651 3562 regio
683 3473 824 3550 fuerant,
861 3473 973 3539 subito
1004 3473 1100 3561 quasi
1133 3471 1312 3560 reproboe⁴
1344 3494 1364 3536 a
1395 3472 1499 3539 latere
1529 3473 1616 3558 regis

561 3575 788 3665 sequestrare,⁶
813 3576 1020 3663 appositione
1045 3574 1232 3661 aliquorum
1262 3578 1456 3661 magnatum
1486 3574 1615 3641 addito-

391 3686 505 3737 wilram
561 3703 636 3745 rum
650 3679 734 3746 illud
748 3680 954 3760 roboramnt,
969 3679 1188 3765 adjungentes
1203 3676 1234 3742 ei
1256 3676 1410 3743 comitem
1425 3676 1615 3743 Waranniae

387 3753 550 3874 3333&
564 3782 776 3863 waramum,
807 3787 843 3863 ee
880 3782 1034 3849 amram
1073 3782 1114 3847 a
1147 3780 1307 3846 remae
1339 3778 1550 3859 willermum,
1579 3787 1615 3846 a

388 3888 505 3967 rddedtso
562 3886 752 3954 Jobannem
783 3884 1057 3951 filium-Galfridi.
1102 3884 1149 3949 Et
1182 3881 1261 3949 fecit
1291 3904 1351 3947 rex
1377 3882 1499 3967 jurare,
1525 3884 1613 3969 quod

391 3954 537 4072 diff?
559 3990 652 4055 nullo
675 3990 773 4055 modo
796 3988 986 4053 muneribus
1000 3988 1055 4052 vel
1076 3987 1189 4073 aliquo
1211 3985 1276 4051 olio
1298 3985 1395 4051 modo
1418 4008 1440 4051 a
1460 3986 1516 4051 via
1531 3986 1615 4052 veri-

435 4158 447 4180 ,
560 4093 642 4161 tatis
665 4092 845 4170 deviarent,
869 4091 951 4178 quin
973 4090 1091 4156 darent
1117 4088 1184 4178 ipsi
1209 4088 1279 4177 regi
1302 4109 1420 4153 sanum
1442 4088 1612 4155 consilium

558 4201 594 4263 et
618 4218 719 4285 regno
742 4193 878 4260 salubre.

594 4444 907 4512 'aasumeoepqu
926 4442 1057 4509 Partlyon
1136 4440 1189 4490 'In
1200 4438 1244 4490 the
1262 4439 1362 4505 mur-gin
1382 4454 1425 4489 ure
1442 4454 1511 4490 some
1528 4440 1612 4492 words

557 4547 591 4583 ⁸11
602 4543 708 4583 emm·
1104 4538 1205 4588 written
1221 4536 1282 4587 with
1304 4552 1320 4587 a
1338 4536 1467 4603 plummet,
1484 4535 1517 4587 of
1527 4537 1611 4588 which

591 4604 864 4674 ²Df⁸⁶²Pl¹³¹⁸⁰¹¹¹²²⁸⁸1
897 4601 1058 4669 Dmlffl‘*
1103 4632 1359 4700 onryoeeuovrng
1376 4630 1612 4699 meginradu-

558 4688 836 4832 ”iiiitiiiiteunee
964 4776 969 4783 ·
1103 4732 1231 4783 mmm
1259 4730 1386 4781 ‘mni'
1404 4767 1410 4781 '
1429 4768 1435 4781 '
1453 4744 1469 4781 ⁸
1487 4736 1611 4781 monsra-

591 4844 738 4913 eepmoa]
752 4842 979 4909 memrryrnue
990 4842 1012 4892 n
1023 4856 1057 4891 on
1103 4828 1142 4878 vit
1158 4865 1165 4880 ·
1183 4866 1189 4880 ·
1208 4866 1214 4878 -
1232 4825 1394 4893 enotavit-’⁹

557 4944 591 4979 ⁸11
601 4940 708 4978 emute-
