4242 6159
576 1027 639 1090 184
707 1041 874 1092 MATTHAEI
897 1041 1108 1090 PARISIENSIS
1130 1037 1290 1090 msroml
1315 1039 1512 1090 ANGLORUM.

408 1225 477 1278 AD.
492 1229 564 1276 1216.
570 1215 821 1302 jaculorumque
845 1217 1009 1304 grandine
1028 1216 1174 1283 crebrius
1200 1215 1414 1303 impetebant
1460 1213 1527 1280 Sed
1549 1213 1642 1278 Hm.

575 1317 690 1385 bertus
713 1318 754 1384 de
781 1319 900 1406 Burgc,
927 1319 1022 1386 miles
1046 1325 1200 1385 strenuus
1237 1324 1273 1384 et
1306 1318 1422 1398 fidelis,
1449 1339 1524 1383 eum
1551 1315 1626 1380 aliis

501 1463 503 1470 ·
576 1421 696 1508 septies
717 1417 792 1486 xxii.
808 1421 972 1488 militibus
995 1427 1030 1489 et
1053 1422 1278 1488 servientibus
1299 1419 1450 1509 pluribus
1472 1441 1547 1486 cnm
1569 1417 1627 1483 illo

578 1524 808 1603 existentibus,
832 1530 867 1591 et
891 1525 1075 1592 defensioni
1096 1526 1278 1612 vigilanter
1302 1529 1338 1590 et
1360 1523 1506 1589 viriliter
1528 1521 1643 1588 insis·.

577 1627 735 1706 tentibus,
756 1627 869 1713 jacula
890 1651 950 1715 pro
968 1627 1098 1715 jaculis,
1122 1651 1204 1693 saxa
1224 1649 1284 1715 pro
1305 1627 1395 1692 saxis
1408 1625 1645 1703 remittentes„

576 1729 700 1796 multos
721 1753 762 1797 ex
785 1730 937 1796 hostibus
959 1735 1222 1818 prostraverunt,
1245 1731 1348 1796 donec
1370 1728 1490 1794 Franci
1513 1727 1628 1814 damp-

576 1832 710 1911 nificati,
735 1833 881 1899 tentoria
913 1856 974 1899 sua
998 1837 1033 1898 et
1054 1832 1225 1899 machinas
1251 1854 1272 1896 a
1294 1836 1402 1898 castro
1424 1829 1556 1918 longius
1577 1851 1627 1894 re-

577 1940 762 2002 traxerunt.
809 1935 912 2002 Unde
935 1935 1141 2013 Lodowieus,
1167 1935 1272 2000 nimia
1296 1955 1468 2000 succensus
1489 1934 1549 2013 irs,
1572 1954 1628 2019 pe·

571 2025 713 2125 jerandc
740 2038 872 2126 juravit
903 2060 971 2105 sese
1003 2061 1072 2104 non
1102 2039 1180 2104 inde
1209 2058 1419 2117 recessurum,
1450 2057 1627 2123 quousque,

576 2147 672 2230 capto
694 2145 809 2218 castro,
826 2163 939 2206 omnes
962 2140 1081 2207 inclusi
1103 2141 1280 2229 suspendio
1302 2138 1506 2227 punirentur.

600 2433 649 2500 De
672 2429 890 2519 assrptiooa'bus
917 2433 1022 2500 costr-i
1049 2431 1285 2519 Concavata
1315 2441 1346 2499 et
1374 2433 1606 2522 quorumdum

745 2535 904 2603 altorem
925 2535 1210 2623 murriotpiorrrm
1231 2545 1262 2603 et
1287 2536 1462 2604 vittatam.

410 2697 518 2763 capture
530 2699 560 2749 of
622 2684 685 2748 Per
707 2683 796 2750 idem
817 2691 947 2772 tempus
962 2685 1114 2772 quaedam
1140 2707 1215 2774 pars
1230 2684 1399 2762 baronum,
1424 2685 1482 2772 qui
1497 2684 1626 2750 Londo-
1638 2695 1807 2775 Ropwmd.

409 2766 564 2898 ἓζξῗξξξὲξ
577 2785 642 2852 niis
656 2794 890 2866 remanserant,
907 2789 1126 2876 equitationes
1141 2788 1272 2865 faciens,
1285 2789 1410 2855 invasit
1423 2789 1625 2876 provinciam
1665 2779 1703 2814 ¹¹¹‘
1716 2770 1780 2816 ³⁸⁰·

410 2899 452 2950 the
467 2901 563 2952 baram
577 2890 619 2956 de
636 2889 857 2978 Cantebruge,
872 2892 975 2979 ipsam
994 2891 1223 2978 depraedando,
1237 2898 1273 2957 et
1295 2891 1383 2978 cepit
1398 2891 1647 2972 munitionem„

578 2998 612 3058 et
633 3015 688 3058 xx.
705 2994 887 3061 servientes
909 2995 958 3060 ibi
980 2995 1136 3062 inventos
1157 3017 1267 3061 secum
1289 2995 1397 3060 traxit
1418 2995 1626 3082 compeditos.

409 3119 519 3172 Norsork
580 3095 664 3161 Inde
700 3117 830 3184 quoque
865 3098 1123 3187 progredientes,
1157 3098 1344 3186 provincias
1380 3097 1422 3164 de
1454 3097 1627 3165 Northfole

408 3190 529 3305 ξξξξξξ·
578 3205 613 3264 et
637 3199 749 3266 Sufolc
771 3200 1009 3287 perlustrando,
1032 3200 1214 3289 municipia
1231 3200 1296 3266 sibi
1319 3201 1562 3289 mancipabant,
1576 3199 1647 3267 in·.

409 3325 526 3389 sexagen.
579 3303 665 3368 colas
688 3324 821 3389 quoque
844 3303 1040 3391 spoliabant,
1053 3305 1175 3392 populo
1196 3304 1292 3392 quasi
1314 3305 1402 3371 inter
1423 3304 1506 3370 duas
1525 3303 1647 3370 molas.

577 3427 595 3470 e
611 3405 775 3472 contrmio
790 3428 859 3491 sese
871 3406 1053 3488 volventes,
1064 3407 1219 3474 videlicet
1233 3407 1396 3474 baronum
1409 3413 1445 3474 et
1457 3407 1619 3495 regalium
1639 3453 1648 3471 .

577 3507 808 3574 miserabiliter
842 3510 993 3576 contrito.
1049 3509 1153 3575 Villas
1191 3533 1321 3597 quoque
1359 3513 1401 3578 de
1434 3511 1647 3586 Gememue„

578 3611 758 3678 Duncwico
773 3618 807 3677 et
831 3612 1032 3698 Gipeswico,'
1048 3612 1091 3678 ad
1117 3613 1376 3701 redemptionem
1398 3613 1627 3701 gramssimam

577 3715 813 3802 compulerunt
872 3715 914 3780 In
939 3738 1004 3803 quo
1034 3716 1122 3782 facto
1148 3717 1257 3783 Deum
1283 3717 1326 3783 ad
1352 3718 1565 3796 iracundiam,
1588 3721 1647 3782 ut.

578 3841 620 3884 ex
640 3817 768 3884 casibus
791 3815 1068 3913 subsequentibus
1085 3819 1222 3906 conjici¹
1241 3819 1340 3897 valet,
1355 3820 1532 3886 infeliciter
1552 3842 1649 3907 pro.

578 3927 749 4001 vocarunt,
782 3921 862 3988 dum
899 3921 1014 3988 incolae
1051 3920 1176 4002 incolis,
1221 3922 1391 3990 domestici
1429 3924 1647 4001 domesticis„

579 4023 718 4109 subjecti
741 4023 890 4106 dominis,
916 4026 1092 4112 degeneres
1121 4024 1297 4104 nobilibus,
1327 4027 1478 4114 vulgares
1501 4027 1648 4115 religio.

412 4142 557 4194 Colehester
579 4127 631 4204 sis,
648 4126 849 4194 molestiores
871 4127 1020 4195 extitere.
1055 4127 1203 4194 Tandem
1224 4151 1284 4216 per
1299 4128 1529 4196 Colecestriam
1544 4153 1647 4218 prae-.

413 4211 517 4275 ,pors
579 4230 657 4296 eam
680 4235 823 4317 agenta,
847 4231 1027 4297 sertitem
1050 4231 1151 4296 simin
1171 4231 1264 4297 esis
1285 4233 1468 4313 sevientes,
1482 4233 1527 4302 as
1549 4238 1630 4300 nou
1640 4242 1808 4308 etwas.

578 4335 613 4399 et
635 4334 734 4400 solita
756 4331 1005 4400 Lundoniarum
1027 4333 1169 4400 latibula
1190 4341 1271 4402 sunt
1292 4337 1427 4404 reversi.
1665 4309 1705 4362 iii.
1717 4319 1781 4364 ³⁸¹·

582 4517 641 4524 .--—
666 4518 714 4524 ---
749 4517 953 4534 -Γμ--ι--ω-
1118 4517 1214 4526 ——-
1240 4516 1627 4528 ----—-————-=—-—--—a

946 4621 953 4652 ¹
965 4621 1068 4688 eonjlcr]
1086 4620 1265 4684 consistitis·
