4242 6159
612 1001 677 1065 282
732 1015 899 1066 ulmum
921 1014 1133 1068 claremaus
1157 1017 1321 1069 mercam
1343 1017 1546 1070 arenosam

441 1194 511 1247 M>-
525 1202 597 1248 122⁶·
611 1189 817 1272 abundaret,¹
833 1193 960 1280 aliquid
982 1193 1125 1272 offerret,
1140 1193 1195 1257 vel
1218 1193 1338 1281 aliquis
1361 1194 1474 1261 oblata
1495 1195 1663 1282 reciperet

439 1277 589 1394 fflffffffl
612 1295 676 1362 Oui
713 1318 773 1386 per
807 1302 1051 1384 procuratorem
1089 1295 1323 1385 archiepiscopi
1359 1297 1592 1385 Lugdunensis
1625 1298 1662 1363 in

440 1362 597 1462 theudam
610 1398 698 1465 hunc
728 1399 864 1467 modum
896 1405 946 1465 est
979 1421 1181 1488 responsum,
1213 1407 1231 1435 “
1247 1400 1399 1479 Domine,
1437 1400 1529 1466 nullo
1564 1401 1662 1466 modo

439 1477 536 1544 Μ’·
609 1503 762 1568 volumus
784 1524 853 1569 esse
875 1505 947 1568 sine
969 1502 1085 1569 amicis
1107 1502 1144 1566 in
1159 1502 1257 1581 curia,
1274 1509 1308 1568 et
1322 1503 1477 1591 largitate
1492 1504 1661 1570 donorum.

609 1605 833 1691 Eccequalia,
866 1606 895 1671 si
926 1606 1016 1691 quod
1050 1605 1197 1693 postulas
1228 1607 1332 1684 fieret,
1365 1612 1580 1692 sequerentur
1610 1607 1685 1672 in-.

607 1707 800 1774 commoda,²
844 1708 921 1773 Erit
935 1709 1025 1774 enim
1039 1707 1076 1772 in
1093 1707 1243 1794 qualibet
1261 1708 1390 1786 diocesi,
1404 1708 1460 1775 vel
1483 1710 1527 1775 ad
1551 1710 1662 1775 minus

606 1811 643 1875 in
665 1811 844 1897 provincia,
866 1811 1009 1876 nuncius
1039 1833 1126 1876 unus
1157 1811 1345 1890 continuus,
1381 1818 1575 1898 procurator
1598 1811 1662 1878 Ro-

606 1935 732 1994 manus,
756 1915 814 1999 qui
835 1935 904 1979 non
925 1914 1020 1979 vivet
1035 1913 1076 1978 de
1097 1913 1239 2001 proprio,
1262 1915 1318 1978 sed
1334 1935 1452 2000 graves
1475 1915 1662 1980 exactiones

606 2021 640 2082 et
672 2017 918 2103 procurationes
944 2015 1057 2104 exiget
1080 2017 1122 2081 ab
1145 2015 1289 2081 ecclesiis
1313 2017 1493 2102 majoribus
1517 2023 1551 2084 et
1578 2017 1661 2083 forte

606 2119 797 2197 minoribus,
836 2123 876 2184 ut
905 2119 1017 2185 nullus
1046 2125 1219 2184 remaneat
1248 2118 1444 2204 impunitus,
1474 2141 1661 2206 nomenque

606 2222 826 2308 procuratoris
861 2221 997 2302 habens,
1036 2219 1143 2286 officio
1180 2221 1283 2308 legati
1321 2221 1505 2309 fungetur.''
1573 2221 1661 2287 Item

607 2324 772 2403 dixerunt,
811 2323 1012 2390 imminere³
1050 2323 1260 2390 turbationes
1298 2324 1537 2411 capitulomm3
1574 2325 1660 2390 forte

606 2428 695 2490 enim
718 2426 932 2491 demandaret
955 2425 1110 2491 dominus
1136 2447 1231 2514 papa,
1266 2447 1342 2491 cum
1364 2426 1475 2506 vellet,
1506 2449 1661 2514 procura-

606 2529 673 2592 tori
694 2550 753 2594 euo
776 2528 830 2593 vel
852 2529 919 2606 alii,
953 2533 994 2592 ut
1015 2528 1087 2593 vice
1109 2529 1194 2593 sua⁴
1226 2529 1403 2595 interesset
1434 2530 1659 2608 electionibus,
1671 2539 1851 2620 Roawend.

606 2631 665 2716 qui
686 2652 741 2695 eas
766 2631 940 2711 turberet;
963 2631 1077 2711 etsie,
1100 2631 1193 2718 lapso
1216 2636 1373 2718 tempore,
1399 2632 1534 2700 devolvi
1549 2636 1660 2720 posset
1700 2623 1738 2660 ¹''
1754 2617 1821 2665 ¹²²·

606 2734 722 2800 electio
744 2734 788 2799 ad
811 2733 935 2799 curiam
948 2727 1144 2814 Romanam,
1168 2756 1243 2820 quae
1265 2734 1303 2800 in
1330 2736 1484 2801 omnibus
1507 2736 1561 2802 vel
1586 2736 1660 2823 plu·

604 2837 698 2904 ribus
718 2822 861 2903 ecclesiis
885 2836 1050 2903 Romanos
1073 2841 1219 2923 poneret,
1234 2837 1289 2903 vel
1303 2837 1397 2918 tales,
1414 2838 1472 2924 qui
1488 2838 1535 2904 eis
1557 2838 1661 2926 pluri-

604 2963 696 3006 mum
719 2946 828 3006 essent
854 2939 988 3021 devoti3
1011 2944 1046 3005 et
1070 2939 1117 3005 sic
1139 2939 1240 3004 nullae
1262 2939 1373 3006 forent
1399 2947 1511 3028 partes
1533 2941 1659 3029 indige·

604 3064 722 3107 narum
744 3042 958 3128 prelatorum
982 3040 1036 3106 vel
1059 3041 1256 3128 principum,
1278 3063 1354 3106 cum
1376 3043 1476 3109 multi
1498 3043 1568 3109 sint
1592 3043 1659 3109 viri
1773 3097 1784 3122 ,

604 3145 826 3226 ecclesiastici,
857 3145 916 3230 qui
939 3144 1049 3230 potius
1076 3143 1177 3210 curiae
1200 3145 1360 3210 Romanae
1386 3166 1486 3230 quem
1511 3147 1582 3233 regi
1603 3147 1659 3212 vel

603 3268 703 3335 regno
732 3247 955 3335 providerent.
1001 3247 1090 3311 Item
1112 3245 1324 3328 addiderunt,
1348 3249 1445 3333 quod,
1469 3248 1498 3314 si
1524 3270 1659 3336 propor-

602 3351 774 3416 tionaliter
795 3349 891 3416 fieret
923 3350 1085 3414 bonorum
1120 3348 1324 3428 distributio,
1353 3371 1468 3416 omnes
1501 3351 1538 3415 in
1568 3352 1659 3418 curia

602 3455 721 3519 fierent
742 3452 874 3530 divites,
898 3473 974 3518 cum
997 3452 1104 3516 multo
1127 3450 1203 3538 plus
1225 3456 1336 3517 essent
1358 3454 1523 3540 recepturi
1558 3476 1658 3539 quam

603 3577 663 3621 rex
684 3556 858 3641 proprius;
880 3559 915 3620 et
938 3553 986 3619 sie
1007 3553 1148 3640 majores
1170 3574 1238 3618 non
1266 3553 1373 3619 solum
1396 3554 1527 3634 divites,
1544 3555 1601 3621 sed
1624 3562 1659 3622 ct

604 3656 760 3723 ditissimi
774 3657 900 3722 fierent
947 3655 1033 3721 Ourn
1055 3656 1161 3744 igitur
1175 3655 1298 3721 vermis
1314 3657 1459 3722 divitum
1480 3659 1525 3724 sit
1547 3679 1659 3746 super-

603 3759 667 3840 bia,
683 3759 823 3846 majores
837 3759 899 3824 vix
921 3780 1036 3824 causas
1058 3757 1223 3838 audirent,
1238 3759 1296 3824 sed
1319 3780 1373 3824 eas
1396 3760 1434 3825 in
1460 3760 1658 3826 immensum

604 3862 784 3943 differrent,
808 3867 843 3928 et
865 3861 1008 3926 minores
1031 3860 1212 3928 scriberent
1232 3861 1356 3943 inviti;
1379 3862 1473 3950 cujus
1495 3863 1543 3930 rei
1559 3885 1658 3950 expe·

603 3965 783 4031 rimentum
804 3965 841 4029 in
863 3962 1012 4030 evidenti
1034 3967 1094 4042 est,
1121 3963 1201 4049 quia
1232 3968 1266 4029 et
1300 3965 1398 4030 modo
1423 3965 1560 4054 negotia
1584 3989 1658 4053 per-

603 4067 752 4143 trahunt,
767 4065 868 4132 etiam
891 4070 967 4152 post
988 4068 1144 4153 percepta
1167 4065 1348 4153 obsequia³
1393 4067 1440 4134 Et
1463 4067 1510 4134 sie
1531 4069 1657 4156 pericli-

603 4175 731 4236 taretur
753 4168 899 4256 justitia,
930 4172 965 4234 et
996 4174 1208 4234 morerentur
1230 4169 1361 4253 queruli
1391 4170 1427 4236 in
1457 4171 1563 4258 portis
1592 4171 1657 4238 Ro-

602 4293 775 4338 manorum
812 4277 894 4337 tunc
928 4269 1118 4357 plenissime
1152 4269 1407 4339 dominantium.
1454 4274 1553 4354 Item,
1582 4295 1656 4340 cum

601 4377 662 4442 vix
684 4373 840 4462 possibile
862 4374 908 4439 sit
933 4372 1060 4439 fontem
1083 4373 1235 4441 avaritiae
1258 4375 1424 4454 desiccari,
1459 4377 1547 4463 quod
1568 4398 1657 4443 nunc

602 4479 728 4545 faciunt
750 4499 809 4566 per
830 4499 875 4555 se,
897 4481 978 4542 tunc
999 4475 1146 4542 facerent
1167 4499 1226 4564 per
1258 4477 1350 4556 alios,
1381 4483 1417 4544 et
1447 4479 1516 4546 saria
1550 4480 1655 4546 multo

635 4797 643 4827 ¹
655 4796 805 4862 asamar]
823 4796 987 4858 habundaret,
1000 4795 1056 4846 MS.
1182 4797 1191 4826 ⁴
1202 4795 1263 4863 auo]
1281 4795 1427 4848 Interlined.

635 4879 646 4907 ²
657 4875 815 4941 incommoda]
833 4875 976 4938 incomoda,
988 4875 1045 4927 MS.
1182 4874 1329 4943 ³eldepado]
1349 4877 1390 4928 On
1402 4893 1435 4928 an
1447 4893 1554 4930 erasure

636 4957 645 4986 ¹
657 4952 789 5019 imminere]
807 4951 921 5014 iniuste,
931 4953 988 5006 MS.

1887 241 1888 258 l

1882 1103 1888 1116 4

1887 1526 1888 1539 l

1872 3615 1888 3698 r]
