4242 6159
627 993 671 1064 70
769 1009 933 1058 1111111111
957 1007 1169 1058 rinrsrarrsrs
1193 1006 1356 1058 msrorur
1379 1007 1578 1056 asotorum

460 1286 615 1338 A·D-11⁹8·
696 1283 747 1348 Dc
764 1278 889 1368 proelio
911 1281 1093 1369 campestri
1114 1280 1206 1348 inter
1229 1280 1360 1366 Araplos
1383 1288 1412 1348 et
1440 1280 1608 1348 ll'clcasas.

462 1443 582 1522 Geoffrey
674 1431 799 1497 Eodem
821 1436 978 1518 tempore,
994 1453 1071 1518 rege
1095 1430 1237 1496 Ricardo
1259 1431 1295 1495 in
1318 1431 1469 1518 partibus
1491 1429 1681 1497 transmari·
1694 1433 1866 1513 Repwend·

461 1509 607 1628 {ffiffi
629 1535 681 1599 nis
695 1534 819 1622 proeliis
835 1534 1039 1613 intendente,
1057 1533 1225 1598 Galfridus
1246 1534 1450 1616 filius-Petri,
1469 1531 1683 1618 justiciarius,
1721 1517 1759 1551 ¹¹¹'
1776 1507 1839 1552 ¹²⁹⁶

462 1645 544 1723 forces
628 1659 748 1725 magno
764 1638 910 1703 exercitu
934 1642 1140 1725 congregato,
1156 1637 1319 1724 profectus
1343 1637 1444 1704 estin
1461 1637 1624 1716 Walliam,
1640 1636 1684 1700 ad

462 1718 563 1831 {iffi
573 1711 617 1762 ὼε
630 1741 884 1808 succurrendum
922 1741 1112 1806 hominibus
1151 1740 1309 1805 Willelmi
1352 1740 1393 1806 de
1431 1739 1564 1816 Brause,
1603 1760 1684 1826 quos

630 1845 837 1911 Wenunwen
874 1844 1046 1910 obsederat
1082 1845 1118 1908 in
1152 1849 1259 1909 castro
1294 1843 1454 1908 Matildis.
1501 1843 1574 1923 Quo
1609 1865 1684 1907 cum

629 1950 843 2036 pervenisset,
867 1947 1057 2035 congregati
1080 1953 1159 2012 sunt
1182 1970 1295 2012 ornnes
1317 1949 1383 2012 fere
1407 1947 1575 2012 Walcnses
1594 1945 1706 2012 wal..

630 2052 692 2128 liae,
708 2051 919 2137 conjurantes
946 2050 989 2114 ad
1011 2050 1153 2114 invicem
1177 2057 1365 2116 constanter
1390 2057 1487 2128 stare,
1502 2049 1658 2136 quamdiu
1673 2046 1706 2112 ¹.

630 2156 704 2220 vita
725 2155 761 2218 in
783 2153 972 2242 pectoribus
994 2153 1181 2240 palpitaret,
1202 2177 1262 2241 pro
1286 2177 1382 2220 causa
1404 2177 1516 2220 corum
1540 2159 1574 2219 et
1589 2159 1705 2218 terrm.

631 2281 700 2324 suae
729 2257 943 2323 libertatibus
977 2262 1092 2322 contra
1123 2257 1307 2344 Anglorum
1334 2259 1592 2346 protervitatem.
1639 2256 1705 2321 Et.

632 2384 707 2426 cum
730 2365 844 2424 contra
863 2360 1050 2446 Anglorum
1073 2361 1254 2426 exereitum
1279 2361 1509 2427 densissimum
1532 2360 1706 2426 cornuin.

632 2464 740 2528 fronte
762 2463 1018 2543 constituissent,
1042 2463 1180 2529 advenit
1203 2487 1277 2528 cum
1304 2465 1371 2529 suis
1394 2465 1526 2530 aciebus
1549 2463 1686 2530 militari

633 2567 806 2654 disciplina
829 2566 990 2632 ordinatis
1020 2567 1089 2654 ipse
1113 2565 1163 2632 P.²
1179 2567 1393 2652 justiciarius
1417 2569 1473 2654 qui
1497 2573 1567 2633 erat
1594 2567 1705 2631 miles.

634 2677 788 2736 strenuus
811 2675 846 2735 et
870 2670 1130 2757 circumspectus,
1156 2677 1271 2736 contra
1293 2694 1348 2736 ces
1372 2672 1593 2737 dimicaturus
1642 2669 1706 2735 Et.

574 2853 579 2858 ⁷
634 2797 709 2839 cum
731 2773 884 2838 alacriter
907 2795 982 2838 suaa
1005 2773 1091 2838 acies
1115 2773 1294 2839 animando
1321 2773 1542 2862 persuasisset,
1565 2777 1604 2858 ut
1627 2773 1707 2837 ali-.

634 2877 709 2963 quis
724 2876 892 2942 animosus
909 2874 1067 2962 praeiret,³
1083 2877 1282 2943 densitatem
1303 2877 1466 2944 initialem
1482 2876 1688 2944 adversantis
1701 2925 1707 2938 .

467 2989 580 3052 Bravery
596 2985 627 3035 of
635 2980 801 3046 exereitus
816 2980 1044 3068 dissipaturus,
1059 2979 1231 3067 respondit
1253 2981 1388 3068 quidam
1411 2982 1453 3047 dc
1468 2981 1707 3048 servientibus.

466 3054 608 3174 megae
635 3083 713 3161 suis,
747 3084 881 3148 nomine
912 3082 1080 3148 Walterus
1114 3083 1155 3148 de
1196 3084 1347 3162 Hamme,
1379 3084 1420 3150 de
1449 3083 1707 3174 Trumpintona·

635 3185 802 3264 oriundus,
823 3185 933 3252 dicens
955 3187 1065 3273 palam
1088 3186 1150 3274 ipsi
1170 3185 1375 3272 justiciario⁴
1391 3195 1425 3253 ct
1448 3189 1515 3253 suis
1538 3189 1709 3276 primatia.

634 3292 705 3369 bus,
722 3300 738 3324 ‘¹
751 3290 860 3370 Absit,
885 3290 1024 3364 domiue,
1041 3295 1082 3354 ut
1104 3290 1224 3376 aliquis
1247 3291 1367 3355 nobilis
1382 3297 1416 3356 et
1438 3293 1580 3357 famosus
1596 3291 1712 3357 miles·

636 3398 753 3480 sponte
784 3393 960 3479 periturus,
994 3396 1066 3455 tam
1101 3393 1239 3480 ancipiti
1275 3417 1309 3458 se
1339 3401 1505 3482 supponat
1535 3395 1708 3484 periculo·

636 3519 743 3582 neque
767 3494 860 3559 decet
882 3498 942 3559 aut
973 3493 1116 3580 expedit,
1148 3499 1188 3560 ut
1215 3496 1334 3582 aliquis
1356 3521 1497 3586 magnus
1518 3500 1598 3564 vitre
1621 3521 1711 3564 suae.

637 3600 796 3688 prodigus
818 3597 949 3663 existat.
996 3597 1063 3662 Sed
1086 3597 1127 3663 dc
1149 3620 1210 3680 mc,
1227 3605 1337 3664 vestro
1352 3623 1494 3688 paupere
1517 3603 1710 3683 serviente.

637 3725 706 3768 non
738 3707 788 3767 est
819 3723 978 3788 magnum
1010 3701 1191 3787 dampnum
1226 3703 1254 3767 si
1286 3725 1427 3790 peream,
1455 3728 1516 3771 nec
1547 3705 1711 3772 multum·

639 3804 840 3871 exultabunt
864 3805 904 3870 de
931 3825 1009 3869 casu
1038 3825 1111 3870 meo
1141 3805 1296 3871 inimici.''
1341 3806 1394 3886 Et,
1417 3807 1479 3873 hoc
1502 3809 1598 3886 dicto,
1622 3832 1709 3874 non.

639 3914 814 3996 expectans
829 3929 1031 3994 responsum,
1055 3929 1186 3994 equum,
1211 3929 1307 3996 quem
1330 3908 1449 3977 habuit
1471 3911 1712 3998 praeelectum.

638 4019 780 4099 utroque
797 4011 900 4078 latere
923 4021 1107 4091 cruentans,
1123 4011 1264 4078 demissa
1286 4013 1391 4090 hasta,
1406 4038 1511 4080 unum
1534 4017 1570 4080 in
1584 4016 1711 4082 fronte.

639 4116 811 4194 exercitus
828 4115 886 4200 qui
908 4115 1087 4180 videbatur
1110 4115 1258 4182 omnium
1281 4119 1499 4204 praestantior,
1524 4119 1711 4186 insanabi-·

639 4221 718 4286 liter
743 4219 957 4284 vulneratum
981 4219 1212 4305 praecipitavit.
1259 4219 1304 4286 Et
1326 4227 1402 4308 post
1425 4223 1521 4306 hunc,
1546 4223 1711 4310 primum·

640 4324 785 4401 obvium,
808 4323 936 4387 virtute
960 4322 1036 4409 equi
1058 4327 1094 4387 et
1116 4324 1285 4389 assessoris
1307 4325 1514 4406 strenuitate,
1531 4328 1692 4416 cumipse

640 4448 724 4514 equo
746 4425 930 4492 contritum
962 4430 997 4491 et
1032 4425 1186 4492 omnibus
1216 4426 1371 4494 membris
1400 4430 1598 4519 dissipatum
1620 4453 1714 4518 pro-.

675 4667 824 4736 ¹quemdr'u]
844 4667 933 4736 Partly
949 4667 979 4720 in
993 4683 1073 4735 marg.
1095 4669 1144 4720 and
1166 4669 1169 4731 Ι
1226 4673 1236 4702 ³
1243 4673 1359 4739 preire]
1380 4671 1436 4724 'l’he
1448 4674 1504 4726 first
1519 4674 1590 4726 three
1609 4673 1694 4726 lettera

642 4751 725 4814 partly
736 4767 770 4800 on
782 4765 888 4800 erasure.
1165 4734 1169 4811 l
1190 4769 1233 4808 are
1244 4770 1277 4806 en
1290 4770 1323 4805 1111
1335 4769 1444 4806 erasure.

674 4829 742 4895 2Ρ.]
763 4829 798 4879 So
809 4828 835 4878 in
853 4830 911 4882 MS.
930 4831 1031 4892 ands,
1042 4830 1089 4880 but
1105 4845 1144 4880 we

641 4910 733 4960 should
751 4910 811 4960 read
835 4907 968 4974 Gelfridrs
978 4909 1142 4974 filius-Petri.
1223 4905 1395 4972 ⁴jesticierio]
1412 4904 1536 4969 justione,
1552 4903 1608 4958 Ms.

641 4989 673 5040 ln
686 4991 724 5053 E„
737 4987 807 5040 Petri
816 4989 896 5052 filius.
