4242 6159
613 1137 616 1142 .
648 1095 695 1147 nn
718 1095 877 1147 rmmonn
899 1095 1000 1146 arma
1023 1095 1179 1157 mmor,
1200 1096 1269 1146 mn.
1291 1095 1417 1147 ranan.
1488 1080 1554 1152 207

506 1281 547 1342 ut
561 1273 791 1340 robustissima
812 1273 934 1339 militia
947 1273 1027 1339 illuc
1040 1274 1243 1355 mitteretur,
1260 1296 1334 1360 quae
1357 1279 1391 1338 et
1411 1273 1555 1339 obsidio·
1568 1276 1637 1329 Μ).
1652 1279 1723 1328 1217·

505 1401 582 1446 nem
603 1377 756 1454 solveret,
777 1381 813 1443 et
837 1381 945 1444 totam
969 1376 1142 1444 Lodowieo
1165 1377 1329 1464 patriam¹
1353 1376 1555 1464 subjugaret

553 1681 645 1753 Nota
667 1681 797 1753 emtam
819 1681 861 1752 ab
884 1681 967 1752 arbe
989 1682 1260 1754 telamones
1281 1682 1522 1772 copiosissima

960 1787 1108 1857 militia.

332 1953 499 2020 nopwend.
554 1937 718 2004 Exienmt
739 1937 853 2024 itaque
875 1937 918 2002 ab
933 1937 1014 2004 urbe
1034 1938 1279 2005 Londoniarum
1293 1935 1416 2004 milites
1430 1939 1681 2017 secentinlarge
1780 1935 1798 1949 ''

371 2025 408 2074 ¹¹·
423 2027 463 2072 ¹⁵·
510 2045 545 2108 st
567 2063 642 2107 cum
664 2041 789 2108 eisdem
810 2041 985 2128 plusquam
1007 2041 1130 2131 viginti
1152 2042 1245 2108 milia
1266 2047 1477 2123 armatorum,
1503 2045 1562 2130 qui
1573 2016 1688 2136 mh„

509 2167 621 2212 omnes
641 2144 678 2210 in
700 2143 808 2210 ebena
829 2145 1037 2233 aspirabant5
1069 2146 1228 2213 habentes
1249 2149 1437 2235 capitaneos
1462 2148 1561 2214 eomi-
1573 2150 1639 2200 stom
1650 2152 1718 2202 nm-

491 2253 580 2315 .tsm
605 2248 839 2330 Pertieensem‚
866 2247 1037 2315 hominem
1067 2249 1361 2318 immisericordem
1392 2257 1428 2317 et
1449 2219 1724 2340 super-{³1‘,'{¹’,¹,J,¹,¹,‘},er

511 2352 691 2436 bissimum,
715 2352 946 2419 Mareseallum
980 2353 1153 2433 Francius,n
1190 2355 1343 2421 comitem
1381 2353 1716 2422 wintonjaeofl’erche.

511 2457 687 2547 S[asrum],
717 2457 901 2524 Robertum
929 2455 1204 2538 tilium-walteri,
1228 2479 1303 2525 cum
1333 2458 1407 2524 aliia
1438 2458 1562 2536 multis,

510 2582 590 2649 quoa
623 2561 666 2627 ad
697 2561 940 2648 expeditionem
974 2561 1060 2628 hano
1081 2561 1216 2628 idoneos
1237 2568 1443 2630 censuerunt.
1489 2562 1561 2630 Μο-

510 2669 625 2732 ventes
645 2665 751 2752 igitur
782 2667 890 2730 eastra
922 2663 1029 2750 pridie
1061 2663 1221 2731 kalendas
1256 2665 1348 2744 Maii,
1370 2666 1425 2732 die
1456 2664 1562 2733 Lame
1586 2674 1715 2740 oonprn

509 2769 659 2857 proxima
693 2770 772 2834 ante
801 2765 1042 2844 ascenderem,
1066 2767 1207 2855 profecti
1229 2772 1308 2833 sunt
1330 2769 1373 2834 ad
1401 2769 1561 2835 Sanctum
1575 2765 1701 2833 Theyre.

510 2871 687 2951 Albanum,
721 2893 872 2958 quaequae
905 2869 969 2936 sibi
1000 2868 1100 2937 obvia
1125 2871 1361 2958 depraedantea
1407 2835 1729 2965 Rupuriilitghffm.

510 2997 588 3042 vero
610 2981 644 3041 et
665 2974 837 3062 praedones
866 2973 1058 3061 nequissimi
1089 2973 1130 3040 de
1160 2994 1263 3060 regno
1293 2972 1444 3039 Francius
1465 2967 1729 3058 villffihoodofst.

511 3078 548 3143 in
568 3077 678 3165 girum
700 3076 946 3165 perlustrantes,
963 3076 1080 3142 incolis
1101 3077 1138 3140 in
1160 3075 1302 3142 eeclesiis
1325 3076 1379 3142 vel
1394 3078 1562 3142 cimiteriis
1575 3036 1691 3090 albans.

511 3203 578 3247 non
608 3181 796 3269 parcebant,
820 3181 900 3267 quin
930 3201 1026 3246 omne
1057 3201 1161 3268 genus
1194 3176 1366 3244 hominum
1396 3185 1561 3266 caperent,

511 3285 697 3372 spoliarent,
721 3288 756 3349 et
785 3283 972 3370 excogitato
1002 3303 1174 3370 corporum
1203 3283 1350 3348 cruciatu
1370 3282 1415 3347 ad
1435 3283 1561 3370 gravis-

512 3388 628 3453 simam
661 3386 892 3474 compellerent
925 3386 1195 3473 redemptionem.
1247 3385 1395 3452 Abbatia
1431 3407 1561 3472 quoque

495 3491 609 3556 .Beati
623 3490 755 3568 Albani,
772 3511 846 3576 quas
868 3489 966 3576 paulo
982 3494 1060 3555 ante
1081 3489 1290 3577 improbitati
1305 3487 1446 3554 Falcasii
1467 3489 1562 3555 satis-

493 3594 641 3676 .feoerat,
664 3593 779 3660 multis
802 3591 890 3658 datia
919 3593 1111 3658 muneribus
1142 3597 1177 3662 et
1209 3593 1359 3680 precibus
1380 3614 1440 3679 per
1460 3593 1563 3660 inter-

493 3717 651 3763 .eessores
688 3695 926 3784 multiplicatis,
960 3696 1197 3760 exterminium
1218 3696 1295 3760 »vix
1332 3697 1466 3778 evasit3
1504 3698 1561 3763 sed

493 3799 615 3888 ipsam
638 3819 776 3864 vacuam
810 3798 901 3864 omni
933 3818 1052 3885 genere
1086 3798 1283 3864 cibariorum
1305 3803 1339 3863 et
1371 3800 1562 3886 poculorum

494 3902 715 3980 ‚dimiserunt
746 3923 845 3988 quam
889 3901 1129 3968 redundantem
1174 3903 1383 3968 invenerunt.
1444 3901 1562 3970 (lomes

494 4003 707 4074 .Perticensis
737 4003 773 4068 in
805 4005 895 4068 curia
921 4003 1035 4070 Sancti
1057 4005 1180 4070 Albam
1202 4005 1469 4072 inconvenientia
1489 4029 1562 4094 per-

492 4107 666 4196 patravit,
690 4106 779 4194 apud
802 4106 1010 4186 Lineolniam
1029 4108 1166 4194 proinde
1187 4107 1397 4194 puniendus⁸

514 4297 1037 4306 ——-.-.--.—.—..-----.—-.—-u
1047 4299 1105 4306 no«.
1161 4299 1211 4306 -—0

547 4414 684 4480 ¹paerr'am]
719 4413 882 4477 provinciam,
910 4412 952 4463 W.
981 4412 1011 4464 B.
1034 4425 1037 4560 Ι
1057 4415 1231 4466 deliemanaa.
1266 4413 1379 4465 Recties
1390 4413 1559 4473 Hiatdebb..

1057 4494 1119 4544 xvii.
1131 4500 1189 4545 335.

513 4493 542 4544 C.

1090 4573 1199 4624 'Comes
1217 4613 1222 4623 .
1242 4614 1246 4625 .
1267 4612 1271 4622 .
1286 4572 1439 4640 puniendae]
1467 4575 1560 4626 Added

547 4649 758 4703 'Marescdallum
768 4651 897 4718 Francis]
916 4653 1013 4705 Walter
1033 4590 1037 4712 t
1058 4655 1085 4704 in
1096 4669 1175 4718 marg.
