4242 6159
592 1010 656 1074 138
727 1022 895 1074 turrem
918 1022 1131 1074 casurusne
1154 1020 1316 1073 maroam
1339 1018 1539 1074 sucnoamr.

419 1204 489 1256 Μ).
505 1211 575 1258 ¹21³.
588 1201 689 1265 aruris
712 1207 746 1266 et
767 1199 973 1276 victualibus,
997 1199 1208 1287 significavit,
1224 1200 1383 1288 quatinus
1398 1221 1513 1265 versus
1529 1198 1640 1273 Suine,

590 1302 756 1369 Flandrire
776 1306 919 1389 portum,
941 1302 1017 1368 vela
1042 1302 1223 1390 dirigerent
1238 1307 1272 1368 et
1286 1302 1420 1383 vexilla,
1443 1300 1544 1369 etad
1566 1322 1641 1367 eum

588 1404 667 1471 illuc
692 1406 805 1473 venire
839 1406 1036 1493 quantocius
1066 1404 1268 1471 festinarent
1326 1404 1424 1488 Quod
1450 1408 1484 1471 ct
1515 1405 1640 1469 fectum

421 1522 475 1573 The
489 1532 566 1574 count
589 1513 647 1575 est.
708 1510 826 1576 Comes
862 1530 941 1576 vero
978 1508 1140 1597 impetum
1178 1509 1264 1597 regis
1301 1508 1505 1575 Francorum
1542 1506 1641 1573 vehe-

419 1590 576 1721 ζὲιῇιίζῖῗ
587 1614 716 1678 menter
743 1611 986 1700 pertimescens,
1020 1610 1096 1677 ilico
1128 1612 1197 1700 regi
1219 1612 1404 1701 Auglcrum
1433 1612 1505 1678 haec
1530 1610 1641 1677 omnia

420 1724 542 1801 ephesos
588 1714 767 1793 nunciavit,
791 1714 971 1803 implorans
992 1714 1178 1802 diligenter,
1203 1720 1243 1781 ut
1268 1716 1332 1781 sibi
1363 1715 1400 1781 in
1429 1719 1519 1780 arcto
1542 1736 1656 1801 pr0p·.

421 1792 471 1842 ⁸¹⁶·
587 1823 639 1883 ter
661 1817 768 1905 ipsum
790 1819 973 1885 constituto
995 1817 1138 1885 militare
1160 1818 1342 1885 subsidium
1368 1818 1500 1885 mittere
1524 1817 1638 1905 digna·

587 1926 686 1989 retur.

591 2226 769 2311 Quoutcrlu
791 2226 804 2292 i
811 2226 954 2314 supradito
979 2225 1068 2311 rupis
1092 2226 1308 2293 Francorum
1331 2226 1514 2314 proposito,
1537 2226 1639 2293 cticru

867 2329 939 2415 ejus
965 2328 1083 2395 odissia
1110 2330 1155 2395 sit
1181 2330 1358 2397 coerebustu.

419 2500 489 2549 ‚John
502 2503 576 2551 senus
633 2484 709 2548 uiis
734 2484 866 2560 auditis,
890 2506 951 2551 rex
976 2484 1161 2571 anglorum
1185 2484 1367 2550 destmavit
1389 2484 1426 2549 iu
1452 2506 1637 2550 succursum
1649 2500 1832 2563 leogwend.

419 2566 558 2685 ffi‘ffl‘g'g
588 2587 717 2652 comitis
743 2587 914 2652 memorati
948 2586 1085 2652 fratrem
1116 2608 1212 2653 suum
1242 2587 1454 2665 Willclmum,
1486 2588 1639 2653 comitem
1673 2568 1710 2619 iii.
1724 2574 1790 2621 257.

420 2714 491 2754 auce.
587 2689 868 2769 Saresbiriensem,
906 2688 1118 2769 Willelmum,
1156 2688 1293 2757 duccm¹
1330 2688 1569 2766 Houtlandiae?
1606 2696 1641 2756 et

588 2793 817 2881 Reginaldum‚
840 2793 994 2860 comitem
1016 2793 1183 2871 Bononiae,
1211 2793 1387 2860 bellatores
1417 2793 1544 2875 electos,
1566 2814 1640 2859 cum

587 2897 730 2964 navibus
751 2897 943 2985 quingentis
965 2901 1000 2962 et
1020 2896 1184 2963 militibus
1207 2896 1435 2985 septingentis,
1459 2902 1494 2963 et
1515 2896 1639 2962 familia

587 3001 693 3067 multa
721 3001 828 3082 nimis,
857 3006 928 3067 tam
953 3000 1098 3088 equestri
1127 3022 1226 3087 quam
1256 3000 1410 3087 pedestri.
1467 3001 1533 3082 Qui
1557 3000 1830 3092 valissorum.

1678 3084 1716 3133 rii.
1730 3090 1796 3137 258.

586 3105 748 3192 prosperis
776 3126 890 3170 versus
923 3103 1117 3170 Flandn'am
1155 3110 1377 3192 properantes,
1411 3126 1470 3192 per
1506 3110 1638 3191 portum

586 3209 689 3273 Suine
711 3208 891 3274 transitum
917 3208 1110 3289 faciebaut3
1141 3207 1199 3272 ubi
1229 3212 1360 3274 tantam
1391 3207 1528 3273 navium
1554 3208 1640 3273 mul·

419 3329 538 3394 meyer.
585 3312 766 3377 titudinem
786 3312 963 3391 intuentes,
987 3310 1245 3377 admirabantur.
1292 3310 1466 3397 Missisque
1490 3310 1638 3398 explora-

419 3397 533 3513 ffigff
584 3414 722 3491 toribus,
744 3418 969 3501 cognoverunt
992 3414 1099 3501 ipsam
1124 3434 1193 3479 esse
1220 3414 1356 3480 classem
1383 3414 1470 3501 regis
1497 3413 1638 3480 Franco-

419 3530 485 3589 fleet,
498 3532 549 3580 anu
583 3539 667 3595 rum,
701 3540 775 3604 quae
813 3516 892 3581 illuc
931 3533 1038 3603 nuper
1077 3516 1199 3595 aderat,
1236 3522 1271 3583 et
1308 3517 1414 3605 ipsam
1448 3517 1540 3584 omni
1573 3516 1640 3583 fere

419 3605 562 3730 ξζξξξζξιῗ
584 3618 741 3700 custodia,
769 3617 914 3706 exceptis
944 3620 1057 3707 paucis
1088 3620 1277 3701 marinellie,
1304 3642 1420 3686 carere.
1478 3620 1640 3685 Exierant

584 3724 673 3790 enim
711 3722 755 3788 ad
790 3721 1006 3810 praedandum
1045 3722 1110 3809 ipsi
1149 3723 1281 3801 milites,
1319 3723 1440 3809 quibus
1469 3723 1639 3811 cangium

583 3828 693 3893 fuerat
723 3826 942 3907 commissum,
967 3831 1006 3892 ut
1031 3832 1156 3892 terram
1188 3826 1317 3893 comitis
1345 3826 1512 3893 Flnndriae
1542 3826 1639 3913 depo-

583 3930 731 4018 pulando
752 3935 933 3997 vastarent.
979 3930 1077 4010 Quod
1103 3953 1178 3997 cum
1208 3930 1372 4018 principes
1401 3930 1532 3997 militiae
1553 3930 1641 4017 regis

584 4035 768 4123 Anglorum
791 4034 1034 4122 comperissent,
1056 4034 1100 4099 ad
1122 4056 1214 4099 arma
1237 4034 1424 4123 prosiliunt,
1439 4035 1638 4119 classemque

586 4140 706 4205 acriter
731 4137 907 4217 invadunt,
937 4142 972 4203 et
998 4137 1035 4203 in
1065 4138 1167 4216 brevi,
1192 4137 1378 4225 subjugatis
1408 4138 1528 4217 nautis,
1551 4137 1638 4203 funi-

586 4245 648 4309 bus
672 4243 810 4307 navium
832 4242 1002 4329 praescisis,
1025 4247 1187 4307 trecentas
1210 4244 1329 4322 exeis,
1352 4242 1527 4317 frumentc,
1548 4240 1637 4321 viuo,

586 4348 702 4427 ticina,
724 4366 829 4425 carne,
850 4345 958 4422 armis,
973 4366 1011 4409 ac
1033 4344 1131 4409 rebus
1155 4344 1229 4410 aliis
1251 4345 1334 4409 bene
1358 4352 1501 4425 onustas,
1526 4366 1640 4411 versus

586 4450 742 4537 Angliam
770 4448 928 4534 Neptuno
954 4448 1175 4513 committunt.
1233 4446 1345 4514 Naves
1378 4454 1538 4535 praeterea
1563 4470 1638 4514 cen-

586 4642 720 4653 --..---
731 4643 753 4649 —
767 4644 771 4647 -
781 4643 808 4649 n.
839 4642 862 4648 -..
880 4642 1320 4649 --——.-..——-—..-.----.--—

620 4754 626 4784 ¹
639 4752 735 4818 dcc-cm]
754 4752 811 4804 The
827 4768 896 4804 same
907 4752 1015 4819 reading
1025 4751 1049 4801 is
1061 4751 1090 4801 in
1111 4754 1113 4771 ¹
1168 4749 1362 4819 lllcutlrradioe]
1377 4752 1411 4802 So
1419 4752 1472 4803 also
1480 4752 1520 4803 W.
1528 4752 1558 4803 B.
1569 4752 1598 4805 C.
1608 4750 1638 4812 1.‚

586 4832 628 4882 W.
642 4834 670 4882 B.
682 4833 719 4894 0.,
733 4834 780 4884 but
790 4833 818 4882 iu
831 4832 875 4883 the
889 4833 988 4897 margin
1000 4833 1031 4882 ol
1044 4847 1091 4881 our
1111 4835 1113 4894 ᾗ
1135 4828 1180 4880 but
1195 4846 1232 4881 wc
1245 4832 1324 4896 ought
1341 4840 1366 4881 tc
1382 4834 1441 4883 read
1453 4830 1594 4882 Ilciluudiae
1608 4848 1638 4882 cr

586 4912 643 4965 ΜΒ.
653 4912 1091 4973 iswrittencocclem,whiclrismore
1111 4920 1114 4958 t
1137 4908 1277 4961 Holcrulic.
1307 4912 1456 4976 Scep.15⁰‚
1469 4912 1553 4963 uhcrc
1569 4912 1602 4965 hc
1616 4913 1638 4963 is

587 4998 690 5043 correct
724 4993 756 5042 In
769 4988 1074 5053 Educmelccmitem.
1111 4979 1114 5047 l
1137 4990 1212 5055 again
1224 4990 1376 5044 mentioned.
