<?xml version="1.0" encoding="UTF-8"?>
<!DOCTYPE html PUBLIC "-//W3C//DTD XHTML 1.0 Transitional//EN"
    "http://www.w3.org/TR/xhtml1/DTD/xhtml1-transitional.dtd">
<html xmlns="http://www.w3.org/1999/xhtml" xml:lang="en" lang="en">
 <head>
  <title>
</title>
<meta http-equiv="Content-Type" content="text/html;charset=utf-8" />
  <meta name='ocr-system' content='tesseract 3.04.00' />
  <meta name='ocr-capabilities' content='ocr_page ocr_carea ocr_par ocr_line ocrx_word'/>
</head>
<body>
  <div class='ocr_page' id='page_1' title='image "./matthiparisiens04parigoog/matthiparisiens04parigoog_0372.png"; bbox 0 0 4242 6159; ppageno 0'>
   <div class='ocr_carea' id='block_1_1' title="bbox 559 1098 1490 1164">
    <p class='ocr_par' dir='ltr' id='par_1_1' title="bbox 559 1098 1490 1164">
     <span class='ocr_line' id='line_1_1' title="bbox 559 1098 1490 1164; baseline -0.016 0"><span class='ocrx_word' id='word_1_1' title='bbox 559 1098 624 1164; x_wconf 84' lang='lat'><strong>356</strong></span> <span class='ocrx_word' id='word_1_2' title='bbox 678 1102 1265 1161; x_wconf 71' lang='lat' dir='ltr'><strong>usrrua1rnn1s1nus1sunrocus</strong></span> <span class='ocrx_word' id='word_1_3' title='bbox 1291 1098 1490 1155; x_wconf 70' lang='lat' dir='ltr'><strong>lucianus</strong></span> 
     </span>
    </p>
   </div>
   <div class='ocr_carea' id='block_1_2' title="bbox 393 1364 1600 1541">
    <p class='ocr_par' dir='ltr' id='par_1_2' title="bbox 393 1364 1600 1541">
     <span class='ocr_line' id='line_1_2' title="bbox 393 1364 1600 1466; baseline -0.009 -23"><span class='ocrx_word' id='word_1_4' title='bbox 393 1390 554 1444; x_wconf 79' lang='lat' dir='ltr'><strong>A.1).1aaa</strong></span> <span class='ocrx_word' id='word_1_5' title='bbox 590 1375 641 1442; x_wconf 86' lang='lat' dir='ltr'><strong>De</strong></span> <span class='ocrx_word' id='word_1_6' title='bbox 663 1372 817 1466; x_wconf 75' lang='lat' dir='ltr'><strong>electione</strong></span> <span class='ocrx_word' id='word_1_7' title='bbox 840 1369 1004 1459; x_wconf 66' lang='lat' dir='ltr'><strong>aaaytstri</strong></span> <span class='ocrx_word' id='word_1_8' title='bbox 1023 1367 1220 1437; x_wconf 75' lang='lat' dir='ltr'><strong>AErtruandi</strong></span> <span class='ocrx_word' id='word_1_9' title='bbox 1241 1366 1284 1435; x_wconf 80' lang='lat' dir='ltr'><strong>ia</strong></span> <span class='ocrx_word' id='word_1_10' title='bbox 1307 1364 1600 1454; x_wconf 61' lang='lat' dir='ltr'><strong>archiepiscorum</strong></span> 
     </span>
     <span class='ocr_line' id='line_1_3' title="bbox 940 1470 1246 1541; baseline -0.007 0"><span class='ocrx_word' id='word_1_11' title='bbox 940 1470 1246 1541; x_wconf 57' lang='lat' dir='ltr'><strong>desiccationem!</strong></span> 
     </span>
    </p>
   </div>
   <div class='ocr_carea' id='block_1_3' title="bbox 396 1608 1787 2533">
    <p class='ocr_par' dir='ltr' id='par_1_3' title="bbox 396 1608 1787 2533">
     <span class='ocr_line' id='line_1_4' title="bbox 396 1608 1787 1721; baseline -0.009 -28"><span class='ocrx_word' id='word_1_12' title='bbox 396 1642 523 1721; x_wconf 57' lang='lat' dir='ltr'><strong>Hisque·</strong></span> <span class='ocrx_word' id='word_1_13' title='bbox 612 1626 765 1692; x_wconf 85' lang='lat' dir='ltr'><strong>Monachi</strong></span> <span class='ocrx_word' id='word_1_14' title='bbox 788 1646 866 1691; x_wconf 88' lang='lat' dir='ltr'><strong>vero</strong></span> <span class='ocrx_word' id='word_1_15' title='bbox 888 1608 1088 1713; x_wconf 80' lang='lat' dir='ltr'><strong>necipsurn</strong></span> <span class='ocrx_word' id='word_1_16' title='bbox 1112 1644 1173 1688; x_wconf 89' lang='lat' dir='ltr'><strong>nec</strong></span> <span class='ocrx_word' id='word_1_17' title='bbox 1204 1619 1315 1700; x_wconf 84' lang='lat' dir='ltr'><strong>aliurn,</strong></span> <span class='ocrx_word' id='word_1_18' title='bbox 1339 1620 1396 1708; x_wconf 94' lang='lat' dir='ltr'><strong>qui</strong></span> <span class='ocrx_word' id='word_1_19' title='bbox 1419 1618 1787 1712; x_wconf 48' lang='lat' dir='ltr'><strong>unveisai-nassas.</strong></span> 
     </span>
     <span class='ocr_line' id='line_1_5' title="bbox 398 1702 1758 1827; baseline -0.009 -29"><span class='ocrx_word' id='word_1_20' title='bbox 398 1712 536 1827; x_wconf 56' lang='lat' dir='ltr'><strong>fflae‘</strong></span> <span class='ocrx_word' id='word_1_21' title='bbox 566 1730 667 1797; x_wconf 76' lang='lat' dir='ltr'><strong>liter²</strong></span> <span class='ocrx_word' id='word_1_22' title='bbox 689 1730 867 1796; x_wconf 87' lang='lat' dir='ltr'><strong>noluerunt</strong></span> <span class='ocrx_word' id='word_1_23' title='bbox 889 1728 960 1792; x_wconf 89' lang='lat' dir='ltr'><strong>sine</strong></span> <span class='ocrx_word' id='word_1_24' title='bbox 983 1732 1166 1793; x_wconf 84' lang='lat' dir='ltr'><strong>conventus</strong></span> <span class='ocrx_word' id='word_1_25' title='bbox 1193 1746 1351 1791; x_wconf 89' lang='lat' dir='ltr'><strong>consensu</strong></span> <span class='ocrx_word' id='word_1_26' title='bbox 1384 1724 1436 1790; x_wconf 86' lang='lat' dir='ltr'><strong>sui</strong></span> <span class='ocrx_word' id='word_1_27' title='bbox 1467 1724 1635 1809; x_wconf 77' lang='lat' dir='ltr'><strong>recipere„</strong></span> <span class='ocrx_word' id='word_1_28' title='bbox 1654 1714 1688 1749; x_wconf 76' lang='lat' dir='ltr'><strong>n.</strong></span> <span class='ocrx_word' id='word_1_29' title='bbox 1701 1702 1758 1749; x_wconf 76' lang='lat'><strong>²⁶⁷¹</strong></span> 
     </span>
     <span class='ocr_line' id='line_1_6' title="bbox 398 1829 1636 1908; baseline -0.007 -10"><span class='ocrx_word' id='word_1_30' title='bbox 398 1845 433 1908; x_wconf 82' lang='lat' dir='ltr'><strong>by</strong></span> <span class='ocrx_word' id='word_1_31' title='bbox 447 1843 490 1890; x_wconf 79' lang='lat' dir='ltr'><strong>the</strong></span> <span class='ocrx_word' id='word_1_32' title='bbox 571 1832 786 1899; x_wconf 78' lang='lat' dir='ltr'><strong>Cantauriam</strong></span> <span class='ocrx_word' id='word_1_33' title='bbox 818 1830 1014 1899; x_wconf 74' lang='lat' dir='ltr'><strong>festinanter</strong></span> <span class='ocrx_word' id='word_1_34' title='bbox 1046 1829 1209 1907; x_wconf 86' lang='lat' dir='ltr'><strong>adierunt,</strong></span> <span class='ocrx_word' id='word_1_35' title='bbox 1244 1834 1279 1893; x_wconf 92' lang='lat' dir='ltr'><strong>et</strong></span> <span class='ocrx_word' id='word_1_36' title='bbox 1312 1848 1503 1893; x_wconf 86' lang='lat' dir='ltr'><strong>consensum</strong></span> <span class='ocrx_word' id='word_1_37' title='bbox 1541 1846 1636 1899; x_wconf 77' lang='lat' dir='ltr'><strong>con,</strong></span> 
     </span>
     <span class='ocr_line' id='line_1_7' title="bbox 396 1907 1638 2038; baseline -0.004 -34"><span class='ocrx_word' id='word_1_38' title='bbox 396 1907 693 2038; x_wconf 50' lang='lat' dir='ltr'><strong>ffissbffiyuentus</strong></span> <span class='ocrx_word' id='word_1_39' title='bbox 728 1956 827 2021; x_wconf 88' lang='lat' dir='ltr'><strong>super</strong></span> <span class='ocrx_word' id='word_1_40' title='bbox 863 1930 1062 2022; x_wconf 81' lang='lat' dir='ltr'><strong>praemissis‚³</strong></span> <span class='ocrx_word' id='word_1_41' title='bbox 1098 1931 1202 1997; x_wconf 88' lang='lat' dir='ltr'><strong>totius</strong></span> <span class='ocrx_word' id='word_1_42' title='bbox 1239 1936 1421 1997; x_wconf 84' lang='lat' dir='ltr'><strong>conventus</strong></span> <span class='ocrx_word' id='word_1_43' title='bbox 1454 1934 1638 2016; x_wconf 84' lang='lat' dir='ltr'><strong>promtam.</strong></span> 
     </span>
     <span class='ocr_line' id='line_1_8' title="bbox 570 2032 1658 2128; baseline -0.007 -24"><span class='ocrx_word' id='word_1_44' title='bbox 570 2035 784 2128; x_wconf 84' lang='lat' dir='ltr'><strong>repererunt⁴</strong></span> <span class='ocrx_word' id='word_1_45' title='bbox 809 2036 950 2125; x_wconf 78' lang='lat' dir='ltr'>gratiam</span> <span class='ocrx_word' id='word_1_46' title='bbox 980 2040 1015 2101; x_wconf 94' lang='lat' dir='ltr'><strong>et</strong></span> <span class='ocrx_word' id='word_1_47' title='bbox 1035 2033 1190 2121; x_wconf 84' lang='lat' dir='ltr'><strong>fauorem.</strong></span> <span class='ocrx_word' id='word_1_48' title='bbox 1237 2034 1290 2098; x_wconf 82' lang='lat' dir='ltr'><strong>Ex</strong></span> <span class='ocrx_word' id='word_1_49' title='bbox 1312 2040 1392 2099; x_wconf 89' lang='lat' dir='ltr'><strong>tuno</strong></span> <span class='ocrx_word' id='word_1_50' title='bbox 1414 2033 1518 2120; x_wconf 84' lang='lat' dir='ltr'><strong>igitur</strong></span> <span class='ocrx_word' id='word_1_51' title='bbox 1539 2032 1658 2119; x_wconf 35' lang='lat' dir='ltr'><strong>ald...</strong></span> 
     </span>
     <span class='ocr_line' id='line_1_9' title="bbox 568 2128 1660 2224; baseline -0.007 -17"><span class='ocrx_word' id='word_1_52' title='bbox 568 2142 713 2207; x_wconf 85' lang='lat' dir='ltr'><strong>mundus</strong></span> <span class='ocrx_word' id='word_1_53' title='bbox 735 2138 943 2205; x_wconf 85' lang='lat' dir='ltr'><strong>beatissimus</strong></span> <span class='ocrx_word' id='word_1_54' title='bbox 967 2137 1007 2202; x_wconf 92' lang='lat' dir='ltr'><strong>de</strong></span> <span class='ocrx_word' id='word_1_55' title='bbox 1028 2137 1154 2201; x_wconf 84' lang='lat' dir='ltr'><strong>virtute</strong></span> <span class='ocrx_word' id='word_1_56' title='bbox 1186 2136 1222 2201; x_wconf 89' lang='lat' dir='ltr'><strong>iu</strong></span> <span class='ocrx_word' id='word_1_57' title='bbox 1248 2128 1408 2205; x_wconf 81' lang='lat' dir='ltr'><strong>virtutem</strong></span> <span class='ocrx_word' id='word_1_58' title='bbox 1433 2135 1660 2224; x_wconf 51' lang='lat' dir='ltr'><strong>ascendens„</strong></span> 
     </span>
     <span class='ocr_line' id='line_1_10' title="bbox 569 2238 1661 2331; baseline -0.005 -21"><span class='ocrx_word' id='word_1_59' title='bbox 569 2244 678 2331; x_wconf 66' lang='lat' dir='ltr'><strong>gnatia</strong></span> <span class='ocrx_word' id='word_1_60' title='bbox 701 2242 763 2308; x_wconf 90' lang='lat' dir='ltr'><strong>Dei</strong></span> <span class='ocrx_word' id='word_1_61' title='bbox 785 2247 820 2307; x_wconf 90' lang='lat' dir='ltr'><strong>et</strong></span> <span class='ocrx_word' id='word_1_62' title='bbox 842 2241 1013 2306; x_wconf 88' lang='lat' dir='ltr'><strong>hominum</strong></span> <span class='ocrx_word' id='word_1_63' title='bbox 1036 2240 1236 2316; x_wconf 62' lang='lat' dir='ltr'><strong>subterratus</strong></span> <span class='ocrx_word' id='word_1_64' title='bbox 1260 2239 1340 2303; x_wconf 83' lang='lat' dir='ltr'><strong>felix</strong></span> <span class='ocrx_word' id='word_1_65' title='bbox 1363 2240 1398 2303; x_wconf 90' lang='lat' dir='ltr'><strong>in</strong></span> <span class='ocrx_word' id='word_1_66' title='bbox 1423 2238 1661 2325; x_wconf 54' lang='lat' dir='ltr'><strong>ornniprss„</strong></span> 
     </span>
     <span class='ocr_line' id='line_1_11' title="bbox 569 2341 1638 2429; baseline 0.001 -19"><span class='ocrx_word' id='word_1_67' title='bbox 569 2346 695 2410; x_wconf 75' lang='lat' dir='ltr'><strong>stantia</strong></span> <span class='ocrx_word' id='word_1_68' title='bbox 719 2343 856 2429; x_wconf 73' lang='lat' dir='ltr'>suscipit</span> <span class='ocrx_word' id='word_1_69' title='bbox 886 2343 1132 2408; x_wconf 84' lang='lat' dir='ltr'><strong>incrementum.</strong></span> <span class='ocrx_word' id='word_1_70' title='bbox 1190 2342 1346 2407; x_wconf 77' lang='lat' dir='ltr'><strong>Miserius</strong></span> <span class='ocrx_word' id='word_1_71' title='bbox 1377 2347 1427 2407; x_wconf 89' lang='lat' dir='ltr'><strong>est</strong></span> <span class='ocrx_word' id='word_1_72' title='bbox 1457 2341 1638 2411; x_wconf 80' lang='lat' dir='ltr'>Dominus.</span> 
     </span>
     <span class='ocr_line' id='line_1_12' title="bbox 570 2443 1659 2533; baseline -0.005 -21"><span class='ocrx_word' id='word_1_73' title='bbox 570 2447 667 2525; x_wconf 87' lang='lat' dir='ltr'><strong>illius,</strong></span> <span class='ocrx_word' id='word_1_74' title='bbox 701 2451 736 2511; x_wconf 91' lang='lat' dir='ltr'><strong>et</strong></span> <span class='ocrx_word' id='word_1_75' title='bbox 768 2444 879 2509; x_wconf 88' lang='lat' dir='ltr'><strong>omnia</strong></span> <span class='ocrx_word' id='word_1_76' title='bbox 912 2443 982 2529; x_wconf 87' lang='lat' dir='ltr'><strong>ejus</strong></span> <span class='ocrx_word' id='word_1_77' title='bbox 1020 2464 1119 2529; x_wconf 86' lang='lat' dir='ltr'><strong>opera</strong></span> <span class='ocrx_word' id='word_1_78' title='bbox 1158 2444 1330 2533; x_wconf 80' lang='lat' dir='ltr'><strong>dirigebat,</strong></span> <span class='ocrx_word' id='word_1_79' title='bbox 1363 2444 1448 2509; x_wconf 90' lang='lat' dir='ltr'><strong>sicut</strong></span> <span class='ocrx_word' id='word_1_80' title='bbox 1483 2464 1659 2531; x_wconf 52' lang='lat' dir='ltr'><strong>sequens„</strong></span> 
     </span>
    </p>
   </div>
   <div class='ocr_carea' id='block_1_4' title="bbox 571 2545 1109 2615">
    <p class='ocr_par' dir='ltr' id='par_1_4' title="bbox 571 2545 1109 2615">
     <span class='ocr_line' id='line_1_13' title="bbox 571 2545 1109 2615; baseline -0.004 0"><span class='ocrx_word' id='word_1_81' title='bbox 571 2545 698 2615; x_wconf 76' lang='lat' dir='ltr'><strong>sermo⁵</strong></span> <span class='ocrx_word' id='word_1_82' title='bbox 720 2546 902 2613; x_wconf 73' lang='lat' dir='ltr'>luculenter</span> <span class='ocrx_word' id='word_1_83' title='bbox 923 2545 1109 2613; x_wconf 76' lang='lat' dir='ltr'><strong>declarabit.</strong></span> 
     </span>
    </p>
   </div>
   <div class='ocr_carea' id='block_1_5' title="bbox 599 2842 1598 3035">
    <p class='ocr_par' dir='ltr' id='par_1_5' title="bbox 599 2842 1598 3035">
     <span class='ocr_line' id='line_1_14' title="bbox 599 2842 1598 2933; baseline 0.001 -22"><span class='ocrx_word' id='word_1_84' title='bbox 599 2843 770 2931; x_wconf 79' lang='lat' dir='ltr'><em>Quomodo</em></span> <span class='ocrx_word' id='word_1_85' title='bbox 794 2843 980 2912; x_wconf 83' lang='lat' dir='ltr'><strong>consiliam</strong></span> <span class='ocrx_word' id='word_1_86' title='bbox 1003 2844 1152 2933; x_wconf 74' lang='lat' dir='ltr'><strong>episcopt</strong></span> <span class='ocrx_word' id='word_1_87' title='bbox 1180 2842 1430 2915; x_wconf 80' lang='lat' dir='ltr'><strong>Wintoraieosia</strong></span> <span class='ocrx_word' id='word_1_88' title='bbox 1452 2864 1598 2931; x_wconf 69' lang='lat' dir='ltr'><strong>reyoam</strong></span> 
     </span>
     <span class='ocr_line' id='line_1_15' title="bbox 985 2948 1212 3035; baseline -0.004 -18"><span class='ocrx_word' id='word_1_89' title='bbox 985 2948 1212 3035; x_wconf 63' lang='lat' dir='ltr'><strong>resarserit.</strong></span> 
     </span>
    </p>
   </div>
   <div class='ocr_carea' id='block_1_6' title="bbox 410 3076 1776 3171">
    <p class='ocr_par' dir='ltr' id='par_1_6' title="bbox 410 3076 1776 3171">
     <span class='ocr_line' id='line_1_16' title="bbox 410 3076 1776 3171; baseline 0.008 -11"><span class='ocrx_word' id='word_1_90' title='bbox 410 3108 533 3160; x_wconf 65' lang='grc' dir='ltr'><strong>οοιιίεᾶε-</strong></span> <span class='ocrx_word' id='word_1_91' title='bbox 621 3097 748 3163; x_wconf 88' lang='lat' dir='ltr'><strong>Diebus</strong></span> <span class='ocrx_word' id='word_1_92' title='bbox 773 3098 835 3163; x_wconf 88' lang='lat' dir='ltr'><strong>sub</strong></span> <span class='ocrx_word' id='word_1_93' title='bbox 868 3097 990 3162; x_wconf 86' lang='lat' dir='ltr'><strong>eisdem</strong></span> <span class='ocrx_word' id='word_1_94' title='bbox 1025 3076 1333 3164; x_wconf 68' lang='lat' dir='ltr'><strong>confoederabantur</strong></span> <span class='ocrx_word' id='word_1_95' title='bbox 1362 3098 1474 3165; x_wconf 91' lang='lat' dir='ltr'><strong>comiti</strong></span> <span class='ocrx_word' id='word_1_96' title='bbox 1505 3097 1627 3163; x_wconf 89' lang='lat' dir='ltr'><strong>Mares·</strong></span> <span class='ocrx_word' id='word_1_97' title='bbox 1657 3106 1776 3171; x_wconf 66' lang='lat' dir='ltr'><strong>cilios·</strong></span> 
     </span>
    </p>
   </div>
   <div class='ocr_carea' id='block_1_7' title="bbox 408 3174 1772 3293">
    <p class='ocr_par' dir='ltr' id='par_1_7' title="bbox 408 3174 1772 3293">
     <span class='ocr_line' id='line_1_17' title="bbox 408 3174 1772 3293; baseline 0.026 -37"><span class='ocrx_word' id='word_1_98' title='bbox 408 3176 559 3291; x_wconf 53' lang='lat' dir='ltr'><strong>{mm</strong></span> <span class='ocrx_word' id='word_1_99' title='bbox 576 3200 658 3265; x_wconf 89' lang='lat' dir='ltr'><strong>callo</strong></span> <span class='ocrx_word' id='word_1_100' title='bbox 689 3200 755 3266; x_wconf 82' lang='lat' dir='ltr'><strong>viri</strong></span> <span class='ocrx_word' id='word_1_101' title='bbox 790 3199 916 3265; x_wconf 90' lang='lat' dir='ltr'><strong>nobiles</strong></span> <span class='ocrx_word' id='word_1_102' title='bbox 954 3206 989 3265; x_wconf 88' lang='lat' dir='ltr'><strong>et</strong></span> <span class='ocrx_word' id='word_1_103' title='bbox 1021 3200 1144 3266; x_wconf 83' lang='lat' dir='ltr'><strong>milites</strong></span> <span class='ocrx_word' id='word_1_104' title='bbox 1182 3201 1407 3280; x_wconf 80' lang='lat' dir='ltr'><strong>strenuissimi,</strong></span> <span class='ocrx_word' id='word_1_105' title='bbox 1440 3200 1627 3265; x_wconf 87' lang='lat' dir='ltr'><strong>Gilebertas</strong></span> <span class='ocrx_word' id='word_1_106' title='bbox 1666 3174 1772 3293; x_wconf 51' lang='lat' dir='ltr'><strong>{lilii</strong></span> 
     </span>
    </p>
   </div>
   <div class='ocr_carea' id='block_1_8' title="bbox 319 3301 1663 4109">
    <p class='ocr_par' dir='ltr' id='par_1_8' title="bbox 319 3301 1626 3387">
     <span class='ocr_line' id='line_1_18' title="bbox 319 3301 1626 3387; baseline -0.004 -14"><span class='ocrx_word' id='word_1_107' title='bbox 319 3373 321 3376; x_wconf 80' lang='grc'><em>,</em></span> <span class='ocrx_word' id='word_1_108' title='bbox 409 3309 509 3373; x_wconf 69' lang='lat' dir='ltr'><strong>against</strong></span> <span class='ocrx_word' id='word_1_109' title='bbox 522 3304 694 3387; x_wconf 63' lang='lat' dir='ltr'><strong>sesama</strong></span> <span class='ocrx_word' id='word_1_110' title='bbox 726 3308 760 3369; x_wconf 90' lang='lat' dir='ltr'><strong>et</strong></span> <span class='ocrx_word' id='word_1_111' title='bbox 793 3302 911 3369; x_wconf 87' lang='lat' dir='ltr'><strong>fratres</strong></span> <span class='ocrx_word' id='word_1_112' title='bbox 941 3301 1021 3387; x_wconf 87' lang='lat' dir='ltr'><strong>ejus,</strong></span> <span class='ocrx_word' id='word_1_113' title='bbox 1057 3304 1218 3370; x_wconf 88' lang='lat' dir='ltr'><strong>Ricardus</strong></span> <span class='ocrx_word' id='word_1_114' title='bbox 1249 3304 1366 3378; x_wconf 80' lang='lat' dir='ltr'><strong>Suard</strong></span> <span class='ocrx_word' id='word_1_115' title='bbox 1391 3304 1559 3369; x_wconf 88' lang='lat' dir='ltr'><strong>Walterus</strong></span> <span class='ocrx_word' id='word_1_116' title='bbox 1585 3303 1626 3368; x_wconf 89' lang='lat' dir='ltr'><strong>de</strong></span> 
     </span>
    </p>

    <p class='ocr_par' dir='ltr' id='par_1_9' title="bbox 410 3376 1663 4109">
     <span class='ocr_line' id='line_1_19' title="bbox 410 3376 1644 3494; baseline 0.002 -23"><span class='ocrx_word' id='word_1_117' title='bbox 410 3376 722 3494; x_wconf 48' lang='lat' dir='ltr'><strong>Effifflmsllifford,</strong></span> <span class='ocrx_word' id='word_1_118' title='bbox 755 3427 830 3471; x_wconf 87' lang='lat' dir='ltr'><strong>cum</strong></span> <span class='ocrx_word' id='word_1_119' title='bbox 867 3405 991 3483; x_wconf 90' lang='lat' dir='ltr'><strong>multis,</strong></span> <span class='ocrx_word' id='word_1_120' title='bbox 1024 3427 1106 3491; x_wconf 92' lang='lat' dir='ltr'><strong>quos</strong></span> <span class='ocrx_word' id='word_1_121' title='bbox 1137 3407 1273 3494; x_wconf 85' lang='lat' dir='ltr'><strong>longum</strong></span> <span class='ocrx_word' id='word_1_122' title='bbox 1309 3408 1394 3474; x_wconf 89' lang='lat' dir='ltr'><strong>foret</strong></span> <span class='ocrx_word' id='word_1_123' title='bbox 1429 3428 1644 3473; x_wconf 87' lang='lat' dir='ltr'><strong>enumerare..</strong></span> 
     </span>
     <span class='ocr_line' id='line_1_20' title="bbox 578 3508 1643 3596; baseline 0 -21"><span class='ocrx_word' id='word_1_124' title='bbox 578 3508 686 3575; x_wconf 81' lang='lat' dir='ltr'><strong>Causa</strong></span> <span class='ocrx_word' id='word_1_125' title='bbox 708 3508 797 3575; x_wconf 88' lang='lat' dir='ltr'><strong>enim</strong></span> <span class='ocrx_word' id='word_1_126' title='bbox 819 3508 1008 3575; x_wconf 83' lang='lat' dir='ltr'><strong>favorabilis</strong></span> <span class='ocrx_word' id='word_1_127' title='bbox 1027 3515 1107 3587; x_wconf 88' lang='lat' dir='ltr'><strong>erat,</strong></span> <span class='ocrx_word' id='word_1_128' title='bbox 1135 3514 1174 3575; x_wconf 92' lang='lat' dir='ltr'><strong>ut</strong></span> <span class='ocrx_word' id='word_1_129' title='bbox 1197 3510 1244 3575; x_wconf 86' lang='lat' dir='ltr'><strong>eis</strong></span> <span class='ocrx_word' id='word_1_130' title='bbox 1266 3510 1450 3589; x_wconf 87' lang='lat' dir='ltr'><strong>videbatur,</strong></span> <span class='ocrx_word' id='word_1_131' title='bbox 1473 3516 1507 3575; x_wconf 90' lang='lat' dir='ltr'><strong>et</strong></span> <span class='ocrx_word' id='word_1_132' title='bbox 1524 3509 1643 3596; x_wconf 71' lang='lat' dir='ltr'><strong>justa„</strong></span> 
     </span>
     <span class='ocr_line' id='line_1_21' title="bbox 577 3609 1644 3699; baseline 0 -22"><span class='ocrx_word' id='word_1_133' title='bbox 577 3616 612 3677; x_wconf 88' lang='lat' dir='ltr'><strong>ct</strong></span> <span class='ocrx_word' id='word_1_134' title='bbox 643 3609 748 3698; x_wconf 86' lang='lat' dir='ltr'><strong>magis</strong></span> <span class='ocrx_word' id='word_1_135' title='bbox 779 3632 839 3698; x_wconf 89' lang='lat' dir='ltr'><strong>pro</strong></span> <span class='ocrx_word' id='word_1_136' title='bbox 856 3631 946 3699; x_wconf 77' lang='lat' dir='ltr'><strong>,rege</strong></span> <span class='ocrx_word' id='word_1_137' title='bbox 968 3633 1068 3697; x_wconf 88' lang='lat' dir='ltr'><strong>quarn</strong></span> <span class='ocrx_word' id='word_1_138' title='bbox 1100 3616 1216 3677; x_wconf 84' lang='lat' dir='ltr'><strong>contra</strong></span> <span class='ocrx_word' id='word_1_139' title='bbox 1240 3634 1357 3699; x_wconf 85' lang='lat' dir='ltr'><strong>regem.</strong></span> <span class='ocrx_word' id='word_1_140' title='bbox 1403 3612 1492 3692; x_wconf 82' lang='lat' dir='ltr'><strong>Quos</strong></span> <span class='ocrx_word' id='word_1_141' title='bbox 1514 3618 1644 3679; x_wconf 82' lang='lat' dir='ltr'><strong>tomen.</strong></span> 
     </span>
     <span class='ocr_line' id='line_1_22' title="bbox 578 3712 1644 3801; baseline 0.001 -23"><span class='ocrx_word' id='word_1_142' title='bbox 578 3734 691 3779; x_wconf 87' lang='lat' dir='ltr'><strong>omues</strong></span> <span class='ocrx_word' id='word_1_143' title='bbox 712 3733 781 3791; x_wconf 86' lang='lat' dir='ltr'><strong>rex,</strong></span> <span class='ocrx_word' id='word_1_144' title='bbox 805 3712 905 3777; x_wconf 89' lang='lat' dir='ltr'><strong>solius</strong></span> <span class='ocrx_word' id='word_1_145' title='bbox 926 3712 1030 3778; x_wconf 82' lang='lat' dir='ltr'><strong>fretus</strong></span> <span class='ocrx_word' id='word_1_146' title='bbox 1051 3712 1289 3779; x_wconf 88' lang='lat' dir='ltr'><strong>Wiutoniensis</strong></span> <span class='ocrx_word' id='word_1_147' title='bbox 1319 3713 1461 3801; x_wconf 77' lang='lat' dir='ltr'><strong>episcopi</strong></span> <span class='ocrx_word' id='word_1_148' title='bbox 1484 3714 1644 3789; x_wconf 74' lang='lat' dir='ltr'><strong>consilio„</strong></span> 
     </span>
     <span class='ocr_line' id='line_1_23' title="bbox 579 3815 1629 3903; baseline -0.001 -21"><span class='ocrx_word' id='word_1_149' title='bbox 579 3816 703 3902; x_wconf 84' lang='lat' dir='ltr'><strong>absque</strong></span> <span class='ocrx_word' id='word_1_150' title='bbox 735 3815 834 3881; x_wconf 84' lang='lat' dir='ltr'><strong>curiae</strong></span> <span class='ocrx_word' id='word_1_151' title='bbox 868 3837 937 3881; x_wconf 74' lang='lat' dir='ltr'><strong>sure</strong></span> <span class='ocrx_word' id='word_1_152' title='bbox 965 3815 1091 3900; x_wconf 90' lang='lat' dir='ltr'><strong>judicio</strong></span> <span class='ocrx_word' id='word_1_153' title='bbox 1126 3822 1160 3883; x_wconf 92' lang='lat' dir='ltr'><strong>et</strong></span> <span class='ocrx_word' id='word_1_154' title='bbox 1194 3818 1322 3903; x_wconf 84' lang='lat' dir='ltr'><strong>parium</strong></span> <span class='ocrx_word' id='word_1_155' title='bbox 1351 3838 1493 3895; x_wconf 88' lang='lat' dir='ltr'><strong>suorum,</strong></span> <span class='ocrx_word' id='word_1_156' title='bbox 1517 3818 1629 3883; x_wconf 83' lang='lat' dir='ltr'><strong>exules</strong></span> 
     </span>
     <span class='ocr_line' id='line_1_24' title="bbox 580 3916 1629 3997; baseline 0.003 -14"><span class='ocrx_word' id='word_1_157' title='bbox 580 3918 658 3984; x_wconf 84' lang='lat' dir='ltr'><strong>fecit</strong></span> <span class='ocrx_word' id='word_1_158' title='bbox 681 3916 879 3997; x_wconf 88' lang='lat' dir='ltr'><strong>denunciari,</strong></span> <span class='ocrx_word' id='word_1_159' title='bbox 895 3923 1001 3983; x_wconf 80' lang='lat' dir='ltr'><strong>terras</strong></span> <span class='ocrx_word' id='word_1_160' title='bbox 1022 3939 1135 3983; x_wconf 88' lang='lat' dir='ltr'><strong>eorum</strong></span> <span class='ocrx_word' id='word_1_161' title='bbox 1158 3918 1357 3985; x_wconf 83' lang='lat' dir='ltr'><strong>distribuens</strong></span> <span class='ocrx_word' id='word_1_162' title='bbox 1373 3918 1629 3987; x_wconf 85' lang='lat' dir='ltr'><strong>Pictavensibus.</strong></span> 
     </span>
     <span class='ocr_line' id='line_1_25' title="bbox 583 4018 1663 4109; baseline 0.004 -22"><span class='ocrx_word' id='word_1_163' title='bbox 583 4021 818 4109; x_wconf 81' lang='lat' dir='ltr'><strong>Praeoepitque,</strong></span> <span class='ocrx_word' id='word_1_164' title='bbox 840 4024 880 4085; x_wconf 89' lang='lat' dir='ltr'><strong>ut</strong></span> <span class='ocrx_word' id='word_1_165' title='bbox 902 4040 1015 4086; x_wconf 87' lang='lat' dir='ltr'><strong>eorum</strong></span> <span class='ocrx_word' id='word_1_166' title='bbox 1047 4042 1182 4107; x_wconf 88' lang='lat' dir='ltr'><strong>corpora</strong></span> <span class='ocrx_word' id='word_1_167' title='bbox 1208 4018 1425 4109; x_wconf 76' lang='lat' dir='ltr'><strong>caperentur,“</strong></span> <span class='ocrx_word' id='word_1_168' title='bbox 1446 4022 1631 4109; x_wconf 87' lang='lat' dir='ltr'><strong>ubicunque</strong></span> <span class='ocrx_word' id='word_1_169' title='bbox 1657 4066 1663 4081; x_wconf 89' lang='lat'><strong>·</strong></span> 
     </span>
    </p>
   </div>
   <div class='ocr_carea' id='block_1_9' title="bbox 583 4122 1000 4212">
    <p class='ocr_par' dir='ltr' id='par_1_10' title="bbox 583 4122 1000 4212">
     <span class='ocr_line' id='line_1_26' title="bbox 583 4122 1000 4212; baseline -0.002 -22"><span class='ocrx_word' id='word_1_170' title='bbox 583 4126 618 4191; x_wconf 92' lang='lat' dir='ltr'><strong>in</strong></span> <span class='ocrx_word' id='word_1_171' title='bbox 641 4145 742 4212; x_wconf 84' lang='lat' dir='ltr'><strong>regno</strong></span> <span class='ocrx_word' id='word_1_172' title='bbox 764 4122 1000 4212; x_wconf 79' lang='lat' dir='ltr'><strong>invenirentur.</strong></span> 
     </span>
    </p>
   </div>
   <div class='ocr_carea' id='block_1_10' title="bbox 586 4407 1633 4880">
    <p class='ocr_par' dir='ltr' id='par_1_11' title="bbox 586 4407 1633 4721">
     <span class='ocr_line' id='line_1_27' title="bbox 619 4407 1633 4479; baseline 0.003 -19"><span class='ocrx_word' id='word_1_173' title='bbox 619 4414 626 4442; x_wconf 87' lang='lat'><strong>¹</strong></span> <span class='ocrx_word' id='word_1_174' title='bbox 644 4412 676 4461; x_wconf 88' lang='lat' dir='ltr'><strong>In</strong></span> <span class='ocrx_word' id='word_1_175' title='bbox 687 4410 731 4461; x_wconf 88' lang='lat' dir='ltr'><strong>the</strong></span> <span class='ocrx_word' id='word_1_176' title='bbox 741 4409 841 4475; x_wconf 77' lang='lat' dir='ltr'><strong>margin</strong></span> <span class='ocrx_word' id='word_1_177' title='bbox 861 4407 910 4459; x_wconf 81' lang='lat' dir='ltr'><strong>isa</strong></span> <span class='ocrx_word' id='word_1_178' title='bbox 928 4408 1043 4475; x_wconf 71' lang='lat' dir='ltr'><strong>drawing</strong></span> <span class='ocrx_word' id='word_1_179' title='bbox 1064 4409 1094 4459; x_wconf 79' lang='lat' dir='ltr'><strong>ol</strong></span> <span class='ocrx_word' id='word_1_180' title='bbox 1133 4426 1201 4471; x_wconf 80' lang='lat' dir='ltr'><strong>vero,</strong></span> <span class='ocrx_word' id='word_1_181' title='bbox 1211 4412 1254 4477; x_wconf 87' lang='lat' dir='ltr'><strong>qui</strong></span> <span class='ocrx_word' id='word_1_182' title='bbox 1266 4427 1313 4463; x_wconf 84' lang='lat' dir='ltr'><strong>nec</strong></span> <span class='ocrx_word' id='word_1_183' title='bbox 1323 4413 1405 4479; x_wconf 81' lang='lat' dir='ltr'><strong>ipsum</strong></span> <span class='ocrx_word' id='word_1_184' title='bbox 1416 4428 1463 4465; x_wconf 86' lang='lat' dir='ltr'><strong>neo</strong></span> <span class='ocrx_word' id='word_1_185' title='bbox 1474 4414 1551 4465; x_wconf 81' lang='lat' dir='ltr'><strong>allum</strong></span> <span class='ocrx_word' id='word_1_186' title='bbox 1562 4414 1633 4465; x_wconf 82' lang='lat' dir='ltr'><strong>rolu-</strong></span> 
     </span>
     <span class='ocr_line' id='line_1_28' title="bbox 586 4488 1443 4554; baseline 0.001 -12"><span class='ocrx_word' id='word_1_187' title='bbox 586 4508 603 4542; x_wconf 90' lang='lat' dir='ltr'><strong>a</strong></span> <span class='ocrx_word' id='word_1_188' title='bbox 623 4492 697 4541; x_wconf 80' lang='lat' dir='ltr'><strong>mitre</strong></span> <span class='ocrx_word' id='word_1_189' title='bbox 719 4492 769 4540; x_wconf 83' lang='lat' dir='ltr'><strong>aud</strong></span> <span class='ocrx_word' id='word_1_190' title='bbox 792 4488 989 4554; x_wconf 79' lang='lat' dir='ltr'><strong>archiepiscopal</strong></span> <span class='ocrx_word' id='word_1_191' title='bbox 1012 4504 1090 4550; x_wconf 81' lang='lat' dir='ltr'><strong>croso,</strong></span> <span class='ocrx_word' id='word_1_192' title='bbox 1133 4501 1206 4544; x_wconf 82' lang='lat' dir='ltr'><strong>erunt</strong></span> <span class='ocrx_word' id='word_1_193' title='bbox 1220 4494 1443 4547; x_wconf 83' lang='lat' dir='ltr'><strong>irrevocabiliter.”</strong></span> 
     </span>
     <span class='ocr_line' id='line_1_29' title="bbox 587 4568 1633 4641; baseline 0.004 -20"><span class='ocrx_word' id='word_1_194' title='bbox 587 4573 666 4622; x_wconf 82' lang='lat' dir='ltr'><strong>above</strong></span> <span class='ocrx_word' id='word_1_195' title='bbox 684 4570 769 4621; x_wconf 76' lang='lat' dir='ltr'><strong>which</strong></span> <span class='ocrx_word' id='word_1_196' title='bbox 794 4569 817 4618; x_wconf 85' lang='lat' dir='ltr'><strong>is</strong></span> <span class='ocrx_word' id='word_1_197' title='bbox 845 4569 888 4618; x_wconf 84' lang='lat' dir='ltr'><strong>the</strong></span> <span class='ocrx_word' id='word_1_198' title='bbox 906 4568 975 4619; x_wconf 86' lang='lat' dir='ltr'><strong>haud</strong></span> <span class='ocrx_word' id='word_1_199' title='bbox 994 4569 1025 4619; x_wconf 82' lang='lat' dir='ltr'><strong>oi</strong></span> <span class='ocrx_word' id='word_1_200' title='bbox 1047 4568 1091 4619; x_wconf 81' lang='lat' dir='ltr'><strong>the</strong></span> <span class='ocrx_word' id='word_1_201' title='bbox 1167 4576 1337 4641; x_wconf 61' lang='lat' dir='ltr'><strong>&#39;promissiq</strong></span> <span class='ocrx_word' id='word_1_202' title='bbox 1362 4576 1389 4625; x_wconf 88' lang='lat' dir='ltr'>A</span> <span class='ocrx_word' id='word_1_203' title='bbox 1401 4576 1471 4626; x_wconf 80' lang='lat' dir='ltr'><strong>word</strong></span> <span class='ocrx_word' id='word_1_204' title='bbox 1487 4574 1509 4627; x_wconf 83' lang='lat' dir='ltr'><strong>is</strong></span> <span class='ocrx_word' id='word_1_205' title='bbox 1520 4575 1633 4641; x_wconf 75' lang='lat' dir='ltr'><strong>wanting</strong></span> 
     </span>
     <span class='ocr_line' id='line_1_30' title="bbox 587 4648 1440 4721; baseline 0.007 -22"><span class='ocrx_word' id='word_1_206' title='bbox 587 4650 666 4717; x_wconf 78' lang='lat' dir='ltr'><strong>Deity</strong></span> <span class='ocrx_word' id='word_1_207' title='bbox 678 4649 802 4701; x_wconf 84' lang='lat' dir='ltr'><strong>extended</strong></span> <span class='ocrx_word' id='word_1_208' title='bbox 812 4648 878 4698; x_wconf 82' lang='lat' dir='ltr'><strong>from</strong></span> <span class='ocrx_word' id='word_1_209' title='bbox 888 4648 932 4698; x_wconf 81' lang='lat' dir='ltr'><strong>the</strong></span> <span class='ocrx_word' id='word_1_210' title='bbox 945 4648 1039 4699; x_wconf 81' lang='lat' dir='ltr'><strong>clauda</strong></span> <span class='ocrx_word' id='word_1_211' title='bbox 1133 4652 1200 4714; x_wconf 85' lang='lat' dir='ltr'><strong>here,</strong></span> <span class='ocrx_word' id='word_1_212' title='bbox 1212 4654 1318 4718; x_wconf 78' lang='lat' dir='ltr'><strong>perhaps</strong></span> <span class='ocrx_word' id='word_1_213' title='bbox 1325 4662 1440 4721; x_wconf 78' lang='lat' dir='ltr'><strong>peonio.</strong></span> 
     </span>
    </p>

    <p class='ocr_par' dir='ltr' id='par_1_12' title="bbox 588 4725 1545 4880">
     <span class='ocr_line' id='line_1_31' title="bbox 622 4725 1545 4801; baseline 0.011 -25"><span class='ocrx_word' id='word_1_214' title='bbox 622 4732 633 4761; x_wconf 88' lang='lat'><strong>²</strong></span> <span class='ocrx_word' id='word_1_215' title='bbox 650 4730 694 4794; x_wconf 76' lang='lat' dir='ltr'><strong>qui</strong></span> <span class='ocrx_word' id='word_1_216' title='bbox 712 4725 915 4794; x_wconf 79' lang='lat' dir='ltr'><strong>irrevocabiliter]</strong></span> <span class='ocrx_word' id='word_1_217' title='bbox 935 4726 1045 4778; x_wconf 78' lang='lat' dir='ltr'><strong>Written</strong></span> <span class='ocrx_word' id='word_1_218' title='bbox 1064 4736 1090 4779; x_wconf 84' lang='lat' dir='ltr'><strong>at</strong></span> <span class='ocrx_word' id='word_1_219' title='bbox 1168 4734 1341 4801; x_wconf 56' lang='lat' dir='ltr'><strong>‘repereram</strong></span> <span class='ocrx_word' id='word_1_220' title='bbox 1354 4742 1478 4799; x_wconf 74' lang='lat' dir='ltr'><strong>repetunt,</strong></span> <span class='ocrx_word' id='word_1_221' title='bbox 1488 4734 1545 4786; x_wconf 79' lang='lat' dir='ltr'><strong>MS.</strong></span> 
     </span>
     <span class='ocr_line' id='line_1_32' title="bbox 588 4804 1511 4880; baseline 0.005 -20"><span class='ocrx_word' id='word_1_222' title='bbox 588 4811 644 4860; x_wconf 81' lang='lat' dir='ltr'><strong>first</strong></span> <span class='ocrx_word' id='word_1_223' title='bbox 662 4804 851 4858; x_wconf 75' lang='lat' dir='ltr'><strong>irrevocabiliter</strong></span> <span class='ocrx_word' id='word_1_224' title='bbox 870 4807 920 4871; x_wconf 77' lang='lat' dir='ltr'><strong>qai,</strong></span> <span class='ocrx_word' id='word_1_225' title='bbox 930 4807 976 4856; x_wconf 81' lang='lat' dir='ltr'><strong>but</strong></span> <span class='ocrx_word' id='word_1_226' title='bbox 986 4806 1090 4856; x_wconf 75' lang='lat' dir='ltr'><strong>marked</strong></span> <span class='ocrx_word' id='word_1_227' title='bbox 1167 4812 1275 4880; x_wconf 69' lang='grc' dir='ltr'><strong>ἐεπιιο]</strong></span> <span class='ocrx_word' id='word_1_228' title='bbox 1289 4814 1382 4864; x_wconf 81' lang='lat' dir='ltr'><strong>Added</strong></span> <span class='ocrx_word' id='word_1_229' title='bbox 1392 4815 1419 4863; x_wconf 87' lang='lat' dir='ltr'><strong>iu</strong></span> <span class='ocrx_word' id='word_1_230' title='bbox 1431 4829 1511 4880; x_wconf 81' lang='lat' dir='ltr'><strong>marg.</strong></span> 
     </span>
    </p>
   </div>
   <div class='ocr_carea' id='block_1_11' title="bbox 590 4884 1603 5025">
    <p class='ocr_par' dir='ltr' id='par_1_13' title="bbox 590 4884 1603 5025">
     <span class='ocr_line' id='line_1_33' title="bbox 592 4884 1603 4959; baseline -0.001 -20"><span class='ocrx_word' id='word_1_231' title='bbox 592 4886 831 4951; x_wconf 79' lang='lat' dir='ltr'><strong>tobetrunsposed.</strong></span> <span class='ocrx_word' id='word_1_232' title='bbox 860 4884 917 4934; x_wconf 80' lang='lat' dir='ltr'><strong>The</strong></span> <span class='ocrx_word' id='word_1_233' title='bbox 928 4900 1000 4935; x_wconf 79' lang='lat' dir='ltr'><strong>sense</strong></span> <span class='ocrx_word' id='word_1_234' title='bbox 1011 4886 1094 4934; x_wconf 79' lang='lat' dir='ltr'><strong>would</strong></span> <span class='ocrx_word' id='word_1_235' title='bbox 1166 4892 1352 4958; x_wconf 65' lang='grc' dir='ltr'><strong>ὀαρηρηω]</strong></span> <span class='ocrx_word' id='word_1_236' title='bbox 1366 4903 1534 4959; x_wconf 51' lang='lat' dir='ltr'><strong>cuperantur,</strong></span> <span class='ocrx_word' id='word_1_237' title='bbox 1547 4893 1603 4947; x_wconf 73' lang='lat' dir='ltr'><strong>MS.</strong></span> 
     </span>
     <span class='ocr_line' id='line_1_34' title="bbox 590 4965 1090 5025; baseline -0.01 -7"><span class='ocrx_word' id='word_1_238' title='bbox 590 4970 621 5019; x_wconf 87' lang='lat' dir='ltr'><strong>be</strong></span> <span class='ocrx_word' id='word_1_239' title='bbox 638 4968 740 5025; x_wconf 72' lang='lat' dir='ltr'><strong>crearer,</strong></span> <span class='ocrx_word' id='word_1_240' title='bbox 760 4966 786 5014; x_wconf 84' lang='lat' dir='ltr'><strong>if</strong></span> <span class='ocrx_word' id='word_1_241' title='bbox 803 4978 842 5013; x_wconf 77' lang='lat' dir='ltr'><strong>ne</strong></span> <span class='ocrx_word' id='word_1_242' title='bbox 857 4965 924 5023; x_wconf 81' lang='lat' dir='ltr'><strong>read,</strong></span> <span class='ocrx_word' id='word_1_243' title='bbox 945 4965 1090 5015; x_wconf 84' lang='lat' dir='ltr'><strong>“Monachi</strong></span> 
     </span>
    </p>
   </div>
   <div class='ocr_carea' id='block_1_12' title="bbox 0 0 2159 6148">
    <p class='ocr_par' dir='ltr' id='par_1_14' title="bbox 0 0 2159 6148">
     <span class='ocr_line' id='line_1_35' title="bbox 0 0 2159 6148; baseline 0 0"><span class='ocrx_word' id='word_1_244' title='bbox 0 0 2159 6148; x_wconf 95' lang='lat' dir='ltr'><strong> </strong></span> 
     </span>
    </p>
   </div>
  </div>
 </body>
</html>
