4242 6159
619 1071 665 1120 na
688 1069 847 1120 raurona
869 1069 971 1120 nacrs
994 1069 1150 1134 nurmor,
1174 1071 1240 1120 viz.
1263 1068 1388 1118 suurn.
1456 1056 1518 1120 441

476 1241 544 1306 tuit
566 1241 789 1321 christianae3
810 1243 899 1310 inter
921 1241 1128 1310 Christianos
1150 1246 1185 1308 et
1206 1241 1317 1329 ipsum
1339 1240 1522 1308 soldanum
1534 1242 1603 1296 ΑΒ·
1618 1249 1691 1297 124⁰·

475 1345 719 1412 interveniente
733 1346 923 1434 hujusmodi
941 1346 1167 1423 conventione,
1182 1345 1271 1433 quod
1285 1367 1372 1411 nnus
1389 1343 1525 1431 juvabit

475 1447 616 1514 alterum
630 1471 690 1537 pro
705 1471 798 1538 posse
813 1471 882 1531 suo,
898 1448 943 1516 ad
957 1448 1198 1515 defendendum
1220 1452 1326 1514 terras
1348 1470 1424 1513 suas
1446 1469 1524 1514 con-

474 1555 528 1616 tra
543 1550 727 1620 Soldanum
742 1551 947 1634 Babiloniae3
969 1557 1090 1620 neutra
1107 1556 1202 1639 parte
1225 1573 1300 1617 cum
1314 1551 1429 1617 eodem
1451 1551 1523 1617 Sol·

475 1653 561 1719 dano
583 1655 654 1722 sine
675 1655 780 1723 altera
802 1661 1025 1743 componente,
1049 1677 1125 1743 quae
1146 1655 1184 1720 in
1205 1655 1268 1720 hac
1289 1654 1525 1742 compositione

475 1765 716 1826 consenserunt
763 1759 915 1826 Nuncius
948 1765 1062 1826 autem
1084 1759 1146 1825 hoc
1176 1757 1343 1846 eulogium
1365 1757 1524 1836 deferens,

475 1862 607 1929 obviam
630 1863 749 1930 habuit
771 1864 906 1931 classem
933 1863 1064 1930 comitis
1086 1861 1222 1929 Ricardi
1244 1882 1399 1950 prospers
1420 1860 1524 1927 velifi-

475 1971 614 2048 cantem,
653 1967 710 2054 qui
754 1967 863 2055 ipsum
900 1968 1054 2033 comitem
1081 1989 1158 2064 xper
1202 1966 1274 2032 haec
1311 1963 1522 2048 exhilaravit,

475 2067 609 2148 addam,
632 2069 719 2155 quod
750 2069 929 2157 pradictus
952 2069 1117 2137 Soldanus
1149 2068 1331 2136 certissime
1353 2068 1525 2157 proposuit

474 2170 632 2262 baptismi
655 2171 837 2260 suscipere¹
862 2179 1111 2241 sacramentum.

474 2423 647 2494 Poeaituit
659 2426 901 2516 imperatorem
910 2451 1114 2517 procurasse
1136 2427 1326 2497 morciliaco
1339 2428 1524 2496 conuocari.

520 2585 565 2652 Et
588 2587 702 2654 eodem
734 2597 881 2680 tompore
901 2590 1133 2680 imperatorem
1156 2591 1316 2679 poenituit
1337 2612 1525 2678 procurasse
1537 2605 1593 2657 The
1606 2621 1690 2672 empe-

475 2692 649 2758 convocari
683 2693 857 2759 concilium
888 2694 1050 2780 generale,
1073 2695 1153 2781 qnia
1173 2695 1388 2760 vehementer
1414 2682 1691 2806 10111ιὶ-,11ξίξῶξὲΝΜ

476 2793 586 2870 dabat,
608 2817 650 2860 ne
682 2796 809 2883 aliquid
839 2800 956 2862 contra
988 2820 1064 2864 eum
1097 2797 1221 2863 ibidem
1253 2802 1420 2864 statutum
1449 2809 1655 2862 con-cauaeca

476 2894 635 2963 ditionem
658 2920 752 2964 suam
786 2899 1011 2980 deteriorant,
1033 2922 1108 2966 cum
1130 2900 1229 2965 multi
1264 2900 1305 2966 de
1327 2900 1525 2987 capitalibus
1537 2875 1682 2993 gffito

475 2999 543 3065 suis
565 3000 707 3067 inimicis
729 3002 872 3090 publicis
894 3010 929 3069 et
945 3003 1131 3070 manifestis
1153 3003 1234 3069 illuc
1256 3009 1523 3070 convocarentur.
1537 3009 1647 3058 benum-

476 3098 555 3169 Illos
601 3105 728 3193 igitur²
765 3105 1015 3194 praemuniendo
1052 3107 1224 3194 persuasit,
1261 3128 1312 3187 ne,
1351 3105 1413 3171 in³
1450 3077 1635 3193 per-moneo

475 3206 635 3272 ditionem
668 3231 761 3274 suam
792 3210 902 3276 cundo
938 3209 994 3276 vel
1030 3209 1209 3289 redeundo,
1248 3210 1424 3298 praelatos,¹
1447 3232 1522 3276 con-

460 3310 587 3376 cilium
624 3310 757 3378 adirent
794 3301 1051 3395 celebrandum,⁴
1089 3313 1174 3380 sicut
1220 3313 1406 3402 diligebant
1447 3336 1525 3379 suas

474 3435 629 3502 personas
662 3422 697 3482 et
731 3417 893 3483 bonorum
922 3438 1058 3484 suorum
1087 3416 1375 3506 indempnitatem.
1421 3417 1523 3482 Multi

474 3524 587 3583 tamen
618 3519 840 3606 praelatorum,
862 3521 936 3608 plus
970 3522 1127 3588 timentes
1157 3521 1265 3588 Deum
1297 3543 1396 3609 quarn
1418 3520 1522 3586 homi·

474 3643 559 3698 nem,
582 3620 669 3688 sicut
691 3622 844 3690 dominus
866 3646 954 3713 papa
976 3646 1032 3691 eos
1054 3647 1113 3712 per
1135 3624 1319 3713 elegantem
1342 3623 1525 3711 epistolam,

475 3725 631 3812 scriptam
652 3725 689 3791 in
711 3725 797 3793 libro
811 3726 1152 3796 Additamentornm⁶
1172 3728 1389 3809 animaverat,
1404 3727 1448 3794 ad
1463 3726 1527 3794 iter

475 3827 629 3895 alacriter
649 3851 719 3896 sese
741 3830 988 3920 procinxerunt.

489 4087 604 4156 coam
625 4087 802 4158 Ricordcc
820 4049 1156 4180 prosperc'appuar
1176 4090 1221 4158 ia
1244 4090 1350 4159 Terra
1370 4091 1508 4160 Sancto.

520 4237 586 4304 Per
607 4238 695 4305 idem
718 4245 849 4328 tempus
873 4261 981 4307 comes
1004 4241 1166 4307 Ricardus
1187 4241 1351 4329 navigans
1372 4241 1408 4306 in
1424 4241 1525 4307 Tarm
1536 4257 1641 4313 Arrival

476 4341 600 4408 Sancta
621 4365 775 4432 prospere
808 4367 882 4410 cnm
913 4349 988 4411 tota
1018 4367 1080 4410 sua
1110 4345 1212 4411 classe
1237 4350 1273 4410 et
1302 4345 1464 4412 comitatu
1489 4328 1650 4447 inffigffid
1663 4398 1691 4449 in

532 4521 540 4528 a
563 4519 1106 4527 ----.--—-—-----.-—--.--—-.—-—-—-
1141 4521 1163 4526 --
1191 4519 1260 4526 μω-..
1281 4520 1383 4526 -.»--
1402 4519 1413 4525 -
1427 4518 1520 4527 m,

512 4609 518 4648 ¹
536 4615 673 4684 mamere]
692 4630 829 4681 suscepere,
841 4615 898 4668 MS.
999 4615 1004 4671 t
1056 4617 1110 4666 ‘ia
1125 4615 1188 4666 libro
1203 4615 1441 4686 Addimmentcrnm]
1460 4617 1525 4670 Thia

511 4699 520 4727 ²
537 4688 699 4749 camma.
717 4734 724 4749 .
743 4696 850 4762 dcitur]
866 4693 977 4747 Written
999 4686 1002 4799 ⁴
1023 4694 1130 4748 letter-is
1141 4697 1225 4748 notin
1237 4697 1281 4748 the
1300 4701 1316 4726 “
1325 4697 1403 4749 Liber
1413 4697 1524 4749 Addita-

478 4793 538 4828 orer
548 4792 582 4828 an
594 4791 701 4829 erasme.
1000 4808 1002 4863 j
1022 4776 1190 4838 mentorum,”
1201 4779 1247 4830 bnt
1257 4777 1280 4828 is
1291 4777 1400 4830 iamed
1414 4778 1442 4829 in
1453 4779 1485 4829 B.
1494 4779 1523 4830 (2.

511 4860 521 4888 ³
537 4857 578 4925 ia]
597 4857 745 4908 Inter-lineri.
1023 4858 1076 4921 (ed
1087 4857 1170 4918 wara,
1188 4873 1214 4923 p.
1226 4860 1297 4924 55³,)
1315 4861 1396 4912 under
1413 4859 1457 4912 the
1475 4859 1523 4910 fol-

512 4936 664 4990 *amurca
680 4937 776 4988 adirem
794 4933 974 5004 celebrandam]
1021 4936 1192 5004 lovingyear.

478 5019 572 5072 Added
582 5019 609 5070 in
620 5033 700 5086 marg.
