<?xml version="1.0" encoding="UTF-8"?>
<!DOCTYPE html PUBLIC "-//W3C//DTD XHTML 1.0 Transitional//EN"
    "http://www.w3.org/TR/xhtml1/DTD/xhtml1-transitional.dtd">
<html xmlns="http://www.w3.org/1999/xhtml" xml:lang="en" lang="en">
 <head>
  <title>
</title>
<meta http-equiv="Content-Type" content="text/html;charset=utf-8" />
  <meta name='ocr-system' content='tesseract 3.04.00' />
  <meta name='ocr-capabilities' content='ocr_page ocr_carea ocr_par ocr_line ocrx_word'/>
</head>
<body>
  <div class='ocr_page' id='page_1' title='image "./matthiparisiens04parigoog/matthiparisiens04parigoog_0464.png"; bbox 0 0 4242 6159; ppageno 0'>
   <div class='ocr_carea' id='block_1_1' title="bbox 609 1055 1544 1118">
    <p class='ocr_par' dir='ltr' id='par_1_1' title="bbox 609 1055 1544 1118">
     <span class='ocr_line' id='line_1_1' title="bbox 609 1055 1544 1118; baseline 0.002 -2"><span class='ocrx_word' id='word_1_1' title='bbox 609 1055 676 1118; x_wconf 79' lang='lat'>448</span> <span class='ocrx_word' id='word_1_2' title='bbox 696 1099 704 1113; x_wconf 90' lang='lat'><strong>.</strong></span> <span class='ocrx_word' id='word_1_3' title='bbox 728 1067 895 1118; x_wconf 70' lang='lat' dir='ltr'>ulmam</span> <span class='ocrx_word' id='word_1_4' title='bbox 907 1067 1133 1118; x_wconf 54' lang='lat' dir='ltr'>,namsmums</span> <span class='ocrx_word' id='word_1_5' title='bbox 1155 1066 1324 1117; x_wconf 79' lang='lat' dir='ltr'>ursroau</span> <span class='ocrx_word' id='word_1_6' title='bbox 1344 1065 1544 1118; x_wconf 79' lang='lat' dir='ltr'>suononuu.</span> 
     </span>
    </p>
   </div>
   <div class='ocr_carea' id='block_1_2' title="bbox 440 1245 1658 1539">
    <p class='ocr_par' dir='ltr' id='par_1_2' title="bbox 440 1245 1658 1539">
     <span class='ocr_line' id='line_1_2' title="bbox 440 1245 1658 1334; baseline 0.011 -34"><span class='ocrx_word' id='word_1_7' title='bbox 440 1249 693 1332; x_wconf 73' lang='lat' dir='ltr'>A.1).1err.quae,</span> <span class='ocrx_word' id='word_1_8' title='bbox 718 1249 757 1312; x_wconf 88' lang='lat' dir='ltr'>ut</span> <span class='ocrx_word' id='word_1_9' title='bbox 787 1247 962 1324; x_wconf 71' lang='lat' dir='ltr'>asserebat,</span> <span class='ocrx_word' id='word_1_10' title='bbox 991 1245 1068 1331; x_wconf 90' lang='lat' dir='ltr'>jure</span> <span class='ocrx_word' id='word_1_11' title='bbox 1099 1247 1239 1332; x_wconf 90' lang='lat' dir='ltr'>antiquo</span> <span class='ocrx_word' id='word_1_12' title='bbox 1272 1245 1315 1311; x_wconf 85' lang='lat' dir='ltr'>ad</span> <span class='ocrx_word' id='word_1_13' title='bbox 1346 1245 1454 1332; x_wconf 85' lang='lat' dir='ltr'>ipsum</span> <span class='ocrx_word' id='word_1_14' title='bbox 1476 1247 1658 1334; x_wconf 75' lang='lat' dir='ltr'>spectabat.</span> 
     </span>
     <span class='ocr_line' id='line_1_3' title="bbox 609 1341 1657 1436; baseline -0.001 -21"><span class='ocrx_word' id='word_1_15' title='bbox 609 1349 675 1415; x_wconf 86' lang='lat' dir='ltr'>Sed</span> <span class='ocrx_word' id='word_1_16' title='bbox 699 1349 779 1416; x_wconf 92' lang='lat' dir='ltr'>dum</span> <span class='ocrx_word' id='word_1_17' title='bbox 806 1341 979 1426; x_wconf 83' lang='lat' dir='ltr'>ordiretur,</span> <span class='ocrx_word' id='word_1_18' title='bbox 1001 1349 1140 1414; x_wconf 83' lang='lat' dir='ltr'>reluta</span> <span class='ocrx_word' id='word_1_19' title='bbox 1162 1354 1298 1415; x_wconf 81' lang='lat' dir='ltr'>texente</span> <span class='ocrx_word' id='word_1_20' title='bbox 1313 1350 1438 1415; x_wconf 85' lang='lat' dir='ltr'>succisa</span> <span class='ocrx_word' id='word_1_21' title='bbox 1453 1348 1556 1436; x_wconf 88' lang='lat' dir='ltr'>[est]¹</span> <span class='ocrx_word' id='word_1_22' title='bbox 1583 1350 1657 1415; x_wconf 86' lang='lat' dir='ltr'>vita</span> 
     </span>
     <span class='ocr_line' id='line_1_4' title="bbox 608 1452 1642 1539; baseline 0.002 -22"><span class='ocrx_word' id='word_1_23' title='bbox 608 1475 677 1535; x_wconf 86' lang='lat' dir='ltr'>sua,</span> <span class='ocrx_word' id='word_1_24' title='bbox 702 1458 737 1518; x_wconf 89' lang='lat' dir='ltr'>et</span> <span class='ocrx_word' id='word_1_25' title='bbox 759 1453 892 1519; x_wconf 87' lang='lat' dir='ltr'>irritum</span> <span class='ocrx_word' id='word_1_26' title='bbox 913 1452 1038 1518; x_wconf 84' lang='lat' dir='ltr'>factum</span> <span class='ocrx_word' id='word_1_27' title='bbox 1062 1457 1114 1518; x_wconf 90' lang='lat' dir='ltr'>est</span> <span class='ocrx_word' id='word_1_28' title='bbox 1136 1453 1343 1539; x_wconf 86' lang='lat' dir='ltr'>propositum</span> <span class='ocrx_word' id='word_1_29' title='bbox 1366 1453 1642 1539; x_wconf 72' lang='lat' dir='ltr'>praesumptionis</span> 
     </span>
    </p>
   </div>
   <div class='ocr_carea' id='block_1_3' title="bbox 784 1739 1469 1829">
    <p class='ocr_par' dir='ltr' id='par_1_3' title="bbox 784 1739 1469 1829">
     <span class='ocr_line' id='line_1_5' title="bbox 784 1739 1469 1829; baseline 0.004 -23"><span class='ocrx_word' id='word_1_30' title='bbox 784 1739 895 1829; x_wconf 80' lang='lat' dir='ltr'>Apud</span> <span class='ocrx_word' id='word_1_31' title='bbox 920 1739 1040 1826; x_wconf 76' lang='lat' dir='ltr'>Ootebp</span> <span class='ocrx_word' id='word_1_32' title='bbox 1064 1740 1265 1808; x_wconf 78' lang='lat' dir='ltr'>clroruscont</span> <span class='ocrx_word' id='word_1_33' title='bbox 1285 1740 1469 1809; x_wconf 67' lang='lat' dir='ltr'>miracala.</span> 
     </span>
    </p>
   </div>
   <div class='ocr_carea' id='block_1_4' title="bbox 438 1920 1661 2832">
    <p class='ocr_par' dir='ltr' id='par_1_4' title="bbox 438 1920 1659 2524">
     <span class='ocr_line' id='line_1_6' title="bbox 439 1920 1658 2010; baseline 0.008 -30"><span class='ocrx_word' id='word_1_34' title='bbox 439 1929 560 1981; x_wconf 70' lang='lat' dir='ltr'>miracles</span> <span class='ocrx_word' id='word_1_35' title='bbox 651 1920 780 1986; x_wconf 79' lang='lat' dir='ltr'>Diebus</span> <span class='ocrx_word' id='word_1_36' title='bbox 809 1942 939 2009; x_wconf 89' lang='lat' dir='ltr'>quoque</span> <span class='ocrx_word' id='word_1_37' title='bbox 969 1921 1031 1987; x_wconf 92' lang='lat' dir='ltr'>sub</span> <span class='ocrx_word' id='word_1_38' title='bbox 1062 1921 1185 1988; x_wconf 89' lang='lat' dir='ltr'>eisdem</span> <span class='ocrx_word' id='word_1_39' title='bbox 1217 1922 1309 2009; x_wconf 90' lang='lat' dir='ltr'>apud</span> <span class='ocrx_word' id='word_1_40' title='bbox 1342 1921 1488 2010; x_wconf 88' lang='lat' dir='ltr'>Kateby,</span> <span class='ocrx_word' id='word_1_41' title='bbox 1521 1924 1658 1990; x_wconf 90' lang='lat' dir='ltr'>domum</span> 
     </span>
     <span class='ocr_line' id='line_1_7' title="bbox 439 1997 1659 2131; baseline 0.001 -39"><span class='ocrx_word' id='word_1_42' title='bbox 439 1997 579 2131; x_wconf 43' lang='lat' dir='ltr'>{iffi}</span> <span class='ocrx_word' id='word_1_43' title='bbox 606 2025 917 2106; x_wconf 75' lang='lat' dir='ltr'>sanctimonialium,</span> <span class='ocrx_word' id='word_1_44' title='bbox 940 2024 1000 2089; x_wconf 92' lang='lat' dir='ltr'>ubi</span> <span class='ocrx_word' id='word_1_45' title='bbox 1029 2024 1149 2092; x_wconf 85' lang='lat' dir='ltr'>beatus</span> <span class='ocrx_word' id='word_1_46' title='bbox 1179 2025 1387 2102; x_wconf 86' lang='lat' dir='ltr'>Edmundus,</span> <span class='ocrx_word' id='word_1_47' title='bbox 1410 2024 1659 2093; x_wconf 82' lang='lat' dir='ltr'>Oantuariensis</span> 
     </span>
     <span class='ocr_line' id='line_1_8' title="bbox 438 2127 1659 2216; baseline 0.002 -22"><span class='ocrx_word' id='word_1_48' title='bbox 438 2132 528 2210; x_wconf 69' lang='lat' dir='ltr'>ayne</span> <span class='ocrx_word' id='word_1_49' title='bbox 607 2128 876 2216; x_wconf 86' lang='lat' dir='ltr'>archiepiscopus,</span> <span class='ocrx_word' id='word_1_50' title='bbox 899 2127 982 2192; x_wconf 90' lang='lat' dir='ltr'>duas</span> <span class='ocrx_word' id='word_1_51' title='bbox 1015 2127 1135 2194; x_wconf 85' lang='lat' dir='ltr'>babuit</span> <span class='ocrx_word' id='word_1_52' title='bbox 1168 2149 1295 2193; x_wconf 90' lang='lat' dir='ltr'>sorores</span> <span class='ocrx_word' id='word_1_53' title='bbox 1325 2128 1601 2210; x_wconf 87' lang='lat' dir='ltr'>sanctimoniales,</span> <span class='ocrx_word' id='word_1_54' title='bbox 1623 2136 1659 2196; x_wconf 90' lang='lat' dir='ltr'>et</span> 
     </span>
     <span class='ocr_line' id='line_1_9' title="bbox 439 2199 1657 2318; baseline 0.002 -21"><span class='ocrx_word' id='word_1_55' title='bbox 439 2199 568 2316; x_wconf 52' lang='lat' dir='ltr'>pterrprppf</span> <span class='ocrx_word' id='word_1_56' title='bbox 607 2231 667 2298; x_wconf 92' lang='lat' dir='ltr'>uni</span> <span class='ocrx_word' id='word_1_57' title='bbox 689 2253 802 2297; x_wconf 88' lang='lat' dir='ltr'>earum</span> <span class='ocrx_word' id='word_1_58' title='bbox 827 2231 965 2318; x_wconf 83' lang='lat' dir='ltr'>pallium</span> <span class='ocrx_word' id='word_1_59' title='bbox 990 2230 1202 2318; x_wconf 81' lang='lat' dir='ltr'>delegaverat</span> <span class='ocrx_word' id='word_1_60' title='bbox 1233 2237 1269 2297; x_wconf 91' lang='lat' dir='ltr'>et</span> <span class='ocrx_word' id='word_1_61' title='bbox 1293 2231 1352 2296; x_wconf 85' lang='lat' dir='ltr'>alii</span> <span class='ocrx_word' id='word_1_62' title='bbox 1374 2253 1475 2297; x_wconf 86' lang='lat' dir='ltr'>unam</span> <span class='ocrx_word' id='word_1_63' title='bbox 1499 2233 1657 2298; x_wconf 85' lang='lat' dir='ltr'>tabellam</span> 
     </span>
     <span class='ocr_line' id='line_1_10' title="bbox 439 2333 1659 2422; baseline 0.002 -22"><span class='ocrx_word' id='word_1_64' title='bbox 439 2333 523 2382; x_wconf 81' lang='lat' dir='ltr'>muna</span> <span class='ocrx_word' id='word_1_65' title='bbox 606 2339 805 2422; x_wconf 85' lang='lat' dir='ltr'>argenteam,</span> <span class='ocrx_word' id='word_1_66' title='bbox 828 2334 865 2398; x_wconf 91' lang='lat' dir='ltr'>in</span> <span class='ocrx_word' id='word_1_67' title='bbox 887 2355 953 2420; x_wconf 87' lang='lat' dir='ltr'>qua</span> <span class='ocrx_word' id='word_1_68' title='bbox 975 2333 1121 2420; x_wconf 88' lang='lat' dir='ltr'>effigiata</span> <span class='ocrx_word' id='word_1_69' title='bbox 1147 2334 1212 2399; x_wconf 79' lang='lat' dir='ltr'>fuit</span> <span class='ocrx_word' id='word_1_70' title='bbox 1239 2334 1348 2420; x_wconf 87' lang='lat' dir='ltr'>passio</span> <span class='ocrx_word' id='word_1_71' title='bbox 1372 2333 1507 2417; x_wconf 82' lang='lat' dir='ltr'>Christi,</span> <span class='ocrx_word' id='word_1_72' title='bbox 1529 2337 1659 2402; x_wconf 87' lang='lat' dir='ltr'>meritis</span> 
     </span>
     <span class='ocr_line' id='line_1_11' title="bbox 607 2436 1656 2524; baseline 0.003 -22"><span class='ocrx_word' id='word_1_73' title='bbox 607 2439 688 2503; x_wconf 90' lang='lat' dir='ltr'>dicti</span> <span class='ocrx_word' id='word_1_74' title='bbox 711 2437 818 2503; x_wconf 88' lang='lat' dir='ltr'>saneti</span> <span class='ocrx_word' id='word_1_75' title='bbox 840 2436 1018 2515; x_wconf 88' lang='lat' dir='ltr'>Edmundi,</span> <span class='ocrx_word' id='word_1_76' title='bbox 1035 2438 1121 2503; x_wconf 88' lang='lat' dir='ltr'>sicut</span> <span class='ocrx_word' id='word_1_77' title='bbox 1143 2442 1177 2502; x_wconf 86' lang='lat' dir='ltr'>et</span> <span class='ocrx_word' id='word_1_78' title='bbox 1199 2437 1237 2502; x_wconf 89' lang='lat' dir='ltr'>in</span> <span class='ocrx_word' id='word_1_79' title='bbox 1254 2436 1404 2518; x_wconf 82' lang='lat' dir='ltr'>Francia,</span> <span class='ocrx_word' id='word_1_80' title='bbox 1422 2438 1494 2524; x_wconf 87' lang='lat' dir='ltr'>jam</span> <span class='ocrx_word' id='word_1_81' title='bbox 1517 2438 1656 2505; x_wconf 87' lang='lat' dir='ltr'>celeber-</span> 
     </span>
    </p>

    <p class='ocr_par' dir='ltr' id='par_1_5' title="bbox 547 2538 1656 2618">
     <span class='ocr_line' id='line_1_12' title="bbox 547 2538 1656 2618; baseline 0.002 -12"><span class='ocrx_word' id='word_1_82' title='bbox 547 2593 557 2618; x_wconf 81' lang='lat'>,</span> <span class='ocrx_word' id='word_1_83' title='bbox 606 2541 691 2606; x_wconf 88' lang='lat' dir='ltr'>rima</span> <span class='ocrx_word' id='word_1_84' title='bbox 713 2538 872 2605; x_wconf 66' lang='lat' dir='ltr'>miracula</span> <span class='ocrx_word' id='word_1_85' title='bbox 893 2539 1142 2606; x_wconf 80' lang='lat' dir='ltr'>ehomrscabant.</span> <span class='ocrx_word' id='word_1_86' title='bbox 1187 2539 1332 2606; x_wconf 90' lang='lat' dir='ltr'>Pallium</span> <span class='ocrx_word' id='word_1_87' title='bbox 1346 2561 1425 2606; x_wconf 87' lang='lat' dir='ltr'>vero</span> <span class='ocrx_word' id='word_1_88' title='bbox 1439 2546 1656 2608; x_wconf 90' lang='lat' dir='ltr'>memoratum</span> 
     </span>
    </p>

    <p class='ocr_par' dir='ltr' id='par_1_6' title="bbox 606 2642 1661 2832">
     <span class='ocr_line' id='line_1_13' title="bbox 606 2642 1656 2732; baseline 0.002 -24"><span class='ocrx_word' id='word_1_89' title='bbox 606 2648 642 2708; x_wconf 91' lang='lat' dir='ltr'>et</span> <span class='ocrx_word' id='word_1_90' title='bbox 674 2643 798 2708; x_wconf 86' lang='lat' dir='ltr'>tabella</span> <span class='ocrx_word' id='word_1_91' title='bbox 829 2642 866 2707; x_wconf 91' lang='lat' dir='ltr'>in</span> <span class='ocrx_word' id='word_1_92' title='bbox 898 2643 1046 2728; x_wconf 83' lang='lat' dir='ltr'>maxima</span> <span class='ocrx_word' id='word_1_93' title='bbox 1076 2642 1202 2708; x_wconf 86' lang='lat' dir='ltr'>ibidem</span> <span class='ocrx_word' id='word_1_94' title='bbox 1233 2643 1458 2725; x_wconf 89' lang='lat' dir='ltr'>veneratione,</span> <span class='ocrx_word' id='word_1_95' title='bbox 1495 2650 1656 2732; x_wconf 87' lang='lat' dir='ltr'>tanquam</span> 
     </span>
     <span class='ocr_line' id='line_1_14' title="bbox 607 2746 1661 2832; baseline 0.002 -20"><span class='ocrx_word' id='word_1_96' title='bbox 607 2746 783 2812; x_wconf 77' lang='lat' dir='ltr'>carissimae</span> <span class='ocrx_word' id='word_1_97' title='bbox 806 2746 965 2832; x_wconf 81' lang='lat' dir='ltr'>reliquiae,</span> <span class='ocrx_word' id='word_1_98' title='bbox 988 2746 1024 2811; x_wconf 92' lang='lat' dir='ltr'>in</span> <span class='ocrx_word' id='word_1_99' title='bbox 1048 2746 1209 2814; x_wconf 90' lang='lat' dir='ltr'>memoria</span> <span class='ocrx_word' id='word_1_100' title='bbox 1231 2747 1340 2813; x_wconf 87' lang='lat' dir='ltr'>sancti</span> <span class='ocrx_word' id='word_1_101' title='bbox 1363 2747 1535 2814; x_wconf 88' lang='lat' dir='ltr'>Edmundi</span> <span class='ocrx_word' id='word_1_102' title='bbox 1556 2771 1661 2816; x_wconf 88' lang='lat' dir='ltr'>reser-</span> 
     </span>
    </p>
   </div>
   <div class='ocr_carea' id='block_1_5' title="bbox 608 2852 738 2914">
    <p class='ocr_par' dir='ltr' id='par_1_7' title="bbox 608 2852 738 2914">
     <span class='ocr_line' id='line_1_15' title="bbox 608 2852 738 2914; baseline 0 0"><span class='ocrx_word' id='word_1_103' title='bbox 608 2852 738 2914; x_wconf 87' lang='lat' dir='ltr'>vantur.</span> 
     </span>
    </p>
   </div>
   <div class='ocr_carea' id='block_1_6' title="bbox 608 3143 1660 3440">
    <p class='ocr_par' dir='ltr' id='par_1_8' title="bbox 608 3143 1660 3440">
     <span class='ocr_line' id='line_1_16' title="bbox 608 3143 1660 3233; baseline 0.008 -23"><span class='ocrx_word' id='word_1_104' title='bbox 608 3143 771 3211; x_wconf 80' lang='lat' dir='ltr'>Moooobt</span> <span class='ocrx_word' id='word_1_105' title='bbox 802 3145 1078 3225; x_wconf 74' lang='lat' dir='ltr'>Oceotuorieuses,</span> <span class='ocrx_word' id='word_1_106' title='bbox 1110 3145 1267 3233; x_wconf 69' lang='lat' dir='ltr'>beneficio</span> <span class='ocrx_word' id='word_1_107' title='bbox 1297 3147 1522 3216; x_wconf 76' lang='lat' dir='ltr'>absolut-ionis</span> <span class='ocrx_word' id='word_1_108' title='bbox 1555 3173 1578 3216; x_wconf 89' lang='lat' dir='ltr'>o</span> <span class='ocrx_word' id='word_1_109' title='bbox 1603 3152 1660 3218; x_wconf 84' lang='lat' dir='ltr'>do·</span> 
     </span>
     <span class='ocr_line' id='line_1_17' title="bbox 696 3248 1659 3339; baseline 0.007 -25"><span class='ocrx_word' id='word_1_110' title='bbox 696 3248 795 3314; x_wconf 76' lang='lat' dir='ltr'>mireo</span> <span class='ocrx_word' id='word_1_111' title='bbox 814 3270 911 3334; x_wconf 83' lang='lat' dir='ltr'>popu</span> <span class='ocrx_word' id='word_1_112' title='bbox 937 3255 1079 3334; x_wconf 65' lang='lat' dir='ltr'>malente,</span> <span class='ocrx_word' id='word_1_113' title='bbox 1108 3249 1280 3334; x_wconf 68' lang='lat' dir='ltr'>cleperent</span> <span class='ocrx_word' id='word_1_114' title='bbox 1312 3252 1551 3339; x_wconf 75' lang='lat' dir='ltr'>Bonefacr&#39;oam,</span> <span class='ocrx_word' id='word_1_115' title='bbox 1573 3255 1659 3321; x_wconf 87' lang='lat' dir='ltr'>Pro-</span> 
     </span>
     <span class='ocr_line' id='line_1_18' title="bbox 697 3350 1374 3440; baseline 0.003 -22"><span class='ocrx_word' id='word_1_116' title='bbox 697 3350 890 3428; x_wconf 80' lang='lat' dir='ltr'>ciuciolem,</span> <span class='ocrx_word' id='word_1_117' title='bbox 916 3350 984 3418; x_wconf 81' lang='lat' dir='ltr'>sibl</span> <span class='ocrx_word' id='word_1_118' title='bbox 1007 3351 1051 3418; x_wconf 79' lang='lat' dir='ltr'>to</span> <span class='ocrx_word' id='word_1_119' title='bbox 1072 3352 1374 3440; x_wconf 70' lang='lat' dir='ltr'>archiepiscopum.</span> 
     </span>
    </p>
   </div>
   <div class='ocr_carea' id='block_1_7' title="bbox 439 3534 1661 4556">
    <p class='ocr_par' dir='ltr' id='par_1_9' title="bbox 439 3534 1661 4556">
     <span class='ocr_line' id='line_1_19' title="bbox 440 3534 1660 3623; baseline 0.005 -24"><span class='ocrx_word' id='word_1_120' title='bbox 440 3556 595 3608; x_wconf 70' lang='lat' dir='ltr'>&#39;rhamnum</span> <span class='ocrx_word' id='word_1_121' title='bbox 652 3535 813 3623; x_wconf 81' lang='lat' dir='ltr'>Tempore</span> <span class='ocrx_word' id='word_1_122' title='bbox 846 3555 926 3601; x_wconf 86' lang='lat' dir='ltr'>vero</span> <span class='ocrx_word' id='word_1_123' title='bbox 958 3534 1037 3600; x_wconf 75' lang='lat' dir='ltr'>sub</span> <span class='ocrx_word' id='word_1_124' title='bbox 1059 3535 1174 3601; x_wconf 89' lang='lat' dir='ltr'>eodem</span> <span class='ocrx_word' id='word_1_125' title='bbox 1211 3535 1365 3601; x_wconf 84' lang='lat' dir='ltr'>monaehi</span> <span class='ocrx_word' id='word_1_126' title='bbox 1403 3535 1660 3605; x_wconf 74' lang='lat' dir='ltr'>Cantuarienses</span> 
     </span>
     <span class='ocr_line' id='line_1_20' title="bbox 440 3623 1659 3740; baseline 0.004 -36"><span class='ocrx_word' id='word_1_127' title='bbox 440 3623 584 3740; x_wconf 65' lang='lat' dir='ltr'>prompt-</span> <span class='ocrx_word' id='word_1_128' title='bbox 608 3638 750 3705; x_wconf 88' lang='lat' dir='ltr'>Romam</span> <span class='ocrx_word' id='word_1_129' title='bbox 772 3659 815 3704; x_wconf 86' lang='lat' dir='ltr'>ex</span> <span class='ocrx_word' id='word_1_130' title='bbox 837 3643 932 3725; x_wconf 85' lang='lat' dir='ltr'>parte</span> <span class='ocrx_word' id='word_1_131' title='bbox 955 3643 1140 3705; x_wconf 87' lang='lat' dir='ltr'>conventus</span> <span class='ocrx_word' id='word_1_132' title='bbox 1155 3639 1305 3726; x_wconf 88' lang='lat' dir='ltr'>profecti,</span> <span class='ocrx_word' id='word_1_133' title='bbox 1321 3644 1461 3728; x_wconf 88' lang='lat' dir='ltr'>optento</span> <span class='ocrx_word' id='word_1_134' title='bbox 1482 3663 1504 3706; x_wconf 91' lang='lat' dir='ltr'>a</span> <span class='ocrx_word' id='word_1_135' title='bbox 1525 3640 1659 3709; x_wconf 91' lang='lat' dir='ltr'>domino</span> 
     </span>
     <span class='ocr_line' id='line_1_21' title="bbox 439 3699 1661 3833; baseline 0.004 -26"><span class='ocrx_word' id='word_1_136' title='bbox 439 3699 583 3809; x_wconf 44' lang='lat' dir='ltr'>nidificia</span> <span class='ocrx_word' id='word_1_137' title='bbox 607 3763 694 3831; x_wconf 89' lang='lat' dir='ltr'>papa</span> <span class='ocrx_word' id='word_1_138' title='bbox 715 3741 933 3808; x_wconf 87' lang='lat' dir='ltr'>absolutionis</span> <span class='ocrx_word' id='word_1_139' title='bbox 954 3740 1124 3822; x_wconf 87' lang='lat' dir='ltr'>beneficio,</span> <span class='ocrx_word' id='word_1_140' title='bbox 1148 3763 1191 3808; x_wconf 83' lang='lat' dir='ltr'>ex</span> <span class='ocrx_word' id='word_1_141' title='bbox 1213 3743 1381 3832; x_wconf 80' lang='lat' dir='ltr'>sententia</span> <span class='ocrx_word' id='word_1_142' title='bbox 1403 3765 1470 3830; x_wconf 89' lang='lat' dir='ltr'>qua</span> <span class='ocrx_word' id='word_1_143' title='bbox 1490 3744 1661 3833; x_wconf 79' lang='lat' dir='ltr'>legaverat</span> 
     </span>
     <span class='ocr_line' id='line_1_22' title="bbox 440 3829 1660 3936; baseline 0.004 -23"><span class='ocrx_word' id='word_1_144' title='bbox 440 3829 536 3890; x_wconf 58' lang='grc' dir='ltr'>ΜΨ·</span> <span class='ocrx_word' id='word_1_145' title='bbox 607 3847 749 3914; x_wconf 88' lang='lat' dir='ltr'>eundem</span> <span class='ocrx_word' id='word_1_146' title='bbox 772 3856 975 3914; x_wconf 89' lang='lat' dir='ltr'>conventum</span> <span class='ocrx_word' id='word_1_147' title='bbox 1005 3846 1269 3936; x_wconf 88' lang='lat' dir='ltr'>archiepiscopus</span> <span class='ocrx_word' id='word_1_148' title='bbox 1290 3847 1511 3931; x_wconf 83' lang='lat' dir='ltr'>AEdmundus,</span> <span class='ocrx_word' id='word_1_149' title='bbox 1543 3850 1660 3918; x_wconf 87' lang='lat' dir='ltr'>multis</span> 
     </span>
     <span class='ocr_line' id='line_1_23' title="bbox 606 3949 1660 4038; baseline 0.002 -22"><span class='ocrx_word' id='word_1_150' title='bbox 606 3949 827 4016; x_wconf 75' lang='lat' dir='ltr'>artabantur²</span> <span class='ocrx_word' id='word_1_151' title='bbox 850 3950 1013 4038; x_wconf 86' lang='lat' dir='ltr'>angustiis</span> <span class='ocrx_word' id='word_1_152' title='bbox 1027 3950 1183 4036; x_wconf 79' lang='lat' dir='ltr'>undique</span> <span class='ocrx_word' id='word_1_153' title='bbox 1228 3951 1385 4018; x_wconf 87' lang='lat' dir='ltr'>Instabat</span> <span class='ocrx_word' id='word_1_154' title='bbox 1406 3953 1493 4017; x_wconf 85' lang='lat' dir='ltr'>enim</span> <span class='ocrx_word' id='word_1_155' title='bbox 1516 3975 1576 4019; x_wconf 81' lang='lat' dir='ltr'>rex</span> <span class='ocrx_word' id='word_1_156' title='bbox 1597 3954 1660 4019; x_wconf 92' lang='lat' dir='ltr'>im·</span> 
     </span>
     <span class='ocr_line' id='line_1_24' title="bbox 608 4050 1660 4141; baseline 0.004 -23"><span class='ocrx_word' id='word_1_157' title='bbox 608 4059 750 4140; x_wconf 81' lang='lat' dir='ltr'>portuno</span> <span class='ocrx_word' id='word_1_158' title='bbox 784 4050 1002 4141; x_wconf 81' lang='lat' dir='ltr'>opportune,³</span> <span class='ocrx_word' id='word_1_159' title='bbox 1023 4058 1064 4119; x_wconf 92' lang='lat' dir='ltr'>ut</span> <span class='ocrx_word' id='word_1_160' title='bbox 1087 4052 1312 4135; x_wconf 85' lang='lat' dir='ltr'>Bonefacium,</span> <span class='ocrx_word' id='word_1_161' title='bbox 1336 4054 1577 4122; x_wconf 85' lang='lat' dir='ltr'>Provincialem</span> <span class='ocrx_word' id='word_1_162' title='bbox 1598 4080 1660 4122; x_wconf 87' lang='lat' dir='ltr'>ns·</span> 
     </span>
     <span class='ocr_line' id='line_1_25' title="bbox 607 4155 1658 4243; baseline 0.001 -20"><span class='ocrx_word' id='word_1_163' title='bbox 607 4157 708 4234; x_wconf 85' lang='lat' dir='ltr'>tione,</span> <span class='ocrx_word' id='word_1_164' title='bbox 732 4155 832 4222; x_wconf 84' lang='lat' dir='ltr'>ortu⁴</span> <span class='ocrx_word' id='word_1_165' title='bbox 854 4175 1057 4243; x_wconf 88' lang='lat' dir='ltr'>generosum,</span> <span class='ocrx_word' id='word_1_166' title='bbox 1080 4155 1138 4222; x_wconf 89' lang='lat' dir='ltr'>sed</span> <span class='ocrx_word' id='word_1_167' title='bbox 1168 4162 1278 4235; x_wconf 86' lang='lat' dir='ltr'>aetate,</span> <span class='ocrx_word' id='word_1_168' title='bbox 1310 4161 1350 4223; x_wconf 92' lang='lat' dir='ltr'>ut</span> <span class='ocrx_word' id='word_1_169' title='bbox 1383 4158 1433 4224; x_wconf 90' lang='lat' dir='ltr'>ait</span> <span class='ocrx_word' id='word_1_170' title='bbox 1467 4165 1658 4241; x_wconf 87' lang='lat' dir='ltr'>conventus,</span> 
     </span>
     <span class='ocr_line' id='line_1_26' title="bbox 608 4257 1661 4348; baseline 0.006 -25"><span class='ocrx_word' id='word_1_171' title='bbox 608 4257 871 4338; x_wconf 88' lang='lat' dir='ltr'>insufficientem,</span> <span class='ocrx_word' id='word_1_172' title='bbox 895 4258 993 4324; x_wconf 88' lang='lat' dir='ltr'>scolis</span> <span class='ocrx_word' id='word_1_173' title='bbox 1015 4259 1238 4346; x_wconf 85' lang='lat' dir='ltr'>inexpertum,</span> <span class='ocrx_word' id='word_1_174' title='bbox 1254 4259 1467 4348; x_wconf 79' lang='lat' dir='ltr'>[eligerent].³</span> <span class='ocrx_word' id='word_1_175' title='bbox 1511 4261 1661 4329; x_wconf 80' lang='lat' dir='ltr'>Tandem</span> 
     </span>
     <span class='ocr_line' id='line_1_27' title="bbox 608 4361 1661 4448; baseline 0.007 -23"><span class='ocrx_word' id='word_1_176' title='bbox 608 4361 696 4428; x_wconf 88' lang='lat' dir='ltr'>idem</span> <span class='ocrx_word' id='word_1_177' title='bbox 712 4364 903 4438; x_wconf 85' lang='lat' dir='ltr'>conventus,</span> <span class='ocrx_word' id='word_1_178' title='bbox 926 4361 1020 4448; x_wconf 90' lang='lat' dir='ltr'>quasi</span> <span class='ocrx_word' id='word_1_179' title='bbox 1042 4361 1132 4427; x_wconf 87' lang='lat' dir='ltr'>inter</span> <span class='ocrx_word' id='word_1_180' title='bbox 1154 4361 1237 4427; x_wconf 82' lang='lat' dir='ltr'>duas</span> <span class='ocrx_word' id='word_1_181' title='bbox 1263 4361 1367 4428; x_wconf 79' lang='lat' dir='ltr'>molas</span> <span class='ocrx_word' id='word_1_182' title='bbox 1390 4365 1561 4446; x_wconf 87' lang='lat' dir='ltr'>contritus,</span> <span class='ocrx_word' id='word_1_183' title='bbox 1583 4365 1661 4431; x_wconf 90' lang='lat' dir='ltr'>hinc</span> 
     </span>
     <span class='ocr_line' id='line_1_28' title="bbox 608 4463 1661 4556; baseline 0.002 -26"><span class='ocrx_word' id='word_1_184' title='bbox 608 4463 784 4531; x_wconf 72' lang='lat' dir='ltr'>sententiae</span> <span class='ocrx_word' id='word_1_185' title='bbox 806 4463 949 4530; x_wconf 87' lang='lat' dir='ltr'>vinculis</span> <span class='ocrx_word' id='word_1_186' title='bbox 971 4463 1134 4543; x_wconf 85' lang='lat' dir='ltr'>innodati,</span> <span class='ocrx_word' id='word_1_187' title='bbox 1156 4464 1234 4531; x_wconf 90' lang='lat' dir='ltr'>inde</span> <span class='ocrx_word' id='word_1_188' title='bbox 1249 4466 1335 4554; x_wconf 85' lang='lat' dir='ltr'>regis</span> <span class='ocrx_word' id='word_1_189' title='bbox 1357 4465 1528 4550; x_wconf 89' lang='lat' dir='ltr'>instantia,</span> <span class='ocrx_word' id='word_1_190' title='bbox 1551 4468 1661 4556; x_wconf 85' lang='lat' dir='ltr'>ipsum</span> 
     </span>
    </p>
   </div>
   <div class='ocr_carea' id='block_1_8' title="bbox 964 4625 1157 4632">
    <p class='ocr_par' dir='ltr' id='par_1_10' title="bbox 964 4625 1157 4632">
     <span class='ocr_line' id='line_1_29' title="bbox 964 4625 1157 4632; baseline 0.01 -2"><span class='ocrx_word' id='word_1_191' title='bbox 964 4625 1111 4632; x_wconf 66' lang='lat'><em>---——-.</em></span> <span class='ocrx_word' id='word_1_192' title='bbox 1124 4627 1157 4632; x_wconf 80' lang='grc'>.--</span> 
     </span>
    </p>
   </div>
   <div class='ocr_carea' id='block_1_9' title="bbox 607 4711 1660 5025">
    <p class='ocr_par' dir='ltr' id='par_1_11' title="bbox 607 4711 1660 4861">
     <span class='ocr_line' id='line_1_30' title="bbox 644 4711 1626 4782; baseline 0.004 -18"><span class='ocrx_word' id='word_1_193' title='bbox 644 4714 651 4745; x_wconf 86' lang='lat'>¹</span> <span class='ocrx_word' id='word_1_194' title='bbox 674 4714 723 4779; x_wconf 74' lang='lat' dir='ltr'>err]</span> <span class='ocrx_word' id='word_1_195' title='bbox 743 4711 866 4777; x_wconf 76' lang='lat' dir='ltr'>supplied</span> <span class='ocrx_word' id='word_1_196' title='bbox 884 4718 911 4761; x_wconf 77' lang='lat' dir='ltr'>to</span> <span class='ocrx_word' id='word_1_197' title='bbox 929 4711 1053 4782; x_wconf 78' lang='lat' dir='ltr'>complete</span> <span class='ocrx_word' id='word_1_198' title='bbox 1071 4711 1115 4762; x_wconf 85' lang='lat' dir='ltr'>the</span> <span class='ocrx_word' id='word_1_199' title='bbox 1193 4714 1403 4782; x_wconf 66' lang='lat' dir='ltr'>‘acrimaorNJ</span> <span class='ocrx_word' id='word_1_200' title='bbox 1422 4715 1626 4768; x_wconf 67' lang='lat' dir='ltr'>cranemere.</span> 
     </span>
     <span class='ocr_line' id='line_1_31' title="bbox 607 4789 1660 4861; baseline -0.001 -12"><span class='ocrx_word' id='word_1_201' title='bbox 607 4813 687 4850; x_wconf 81' lang='lat' dir='ltr'>aenae.</span> <span class='ocrx_word' id='word_1_202' title='bbox 1191 4797 1203 4824; x_wconf 81' lang='lat'>⁸</span> <span class='ocrx_word' id='word_1_203' title='bbox 1219 4789 1344 4861; x_wconf 63' lang='lat' dir='ltr'>ediquem]</span> <span class='ocrx_word' id='word_1_204' title='bbox 1376 4794 1497 4860; x_wconf 79' lang='lat' dir='ltr'>supplied</span> <span class='ocrx_word' id='word_1_205' title='bbox 1524 4797 1590 4847; x_wconf 73' lang='lat' dir='ltr'>from</span> <span class='ocrx_word' id='word_1_206' title='bbox 1616 4797 1660 4848; x_wconf 79' lang='lat' dir='ltr'>the</span> 
     </span>
    </p>

    <p class='ocr_par' dir='ltr' id='par_1_12' title="bbox 644 4873 1532 4943">
     <span class='ocr_line' id='line_1_32' title="bbox 644 4873 1532 4943; baseline 0 -16"><span class='ocrx_word' id='word_1_207' title='bbox 644 4875 835 4943; x_wconf 60' lang='grc' dir='ltr'>Ξιινίιιὶιαιιτιιν]</span> <span class='ocrx_word' id='word_1_208' title='bbox 854 4875 989 4937; x_wconf 77' lang='lat' dir='ltr'>artabatur,</span> <span class='ocrx_word' id='word_1_209' title='bbox 1001 4873 1057 4928; x_wconf 87' lang='lat' dir='ltr'>Ms.</span> <span class='ocrx_word' id='word_1_210' title='bbox 1159 4881 1221 4938; x_wconf 78' lang='lat' dir='ltr'>text,</span> <span class='ocrx_word' id='word_1_211' title='bbox 1233 4890 1261 4926; x_wconf 75' lang='lat' dir='ltr'>aa</span> <span class='ocrx_word' id='word_1_212' title='bbox 1277 4875 1412 4942; x_wconf 73' lang='lat' dir='ltr'>originally</span> <span class='ocrx_word' id='word_1_213' title='bbox 1422 4876 1532 4928; x_wconf 66' lang='lat' dir='ltr'>written.</span> 
     </span>
    </p>

    <p class='ocr_par' dir='ltr' id='par_1_13' title="bbox 642 4954 1040 5025">
     <span class='ocr_line' id='line_1_33' title="bbox 642 4954 1040 5025; baseline 0.003 -18"><span class='ocrx_word' id='word_1_214' title='bbox 642 4962 652 4990; x_wconf 83' lang='lat'>⁸</span> <span class='ocrx_word' id='word_1_215' title='bbox 674 4957 824 5025; x_wconf 74' lang='lat' dir='ltr'>opportune]</span> <span class='ocrx_word' id='word_1_216' title='bbox 842 4961 972 5021; x_wconf 85' lang='lat' dir='ltr'>oportune,</span> <span class='ocrx_word' id='word_1_217' title='bbox 983 4954 1040 5008; x_wconf 83' lang='lat' dir='ltr'>MS.</span> 
     </span>
    </p>
   </div>
   <div class='ocr_carea' id='block_1_10' title="bbox 0 0 2133 6148">
    <p class='ocr_par' dir='ltr' id='par_1_14' title="bbox 0 0 2133 6148">
     <span class='ocr_line' id='line_1_34' title="bbox 0 0 2133 6148; baseline 0 0"><span class='ocrx_word' id='word_1_218' title='bbox 0 0 2133 6148; x_wconf 95' lang='lat' dir='ltr'> </span> 
     </span>
    </p>
   </div>
  </div>
 </body>
</html>
