4242 6159
528 1074 575 1122 un
598 1075 758 1126 rrurons
779 1075 1060 1140 numennumen
1084 1077 1151 1126 vm.
1173 1076 1298 1126 mern.
1367 1060 1433 1131 50⁷

382 1246 493 1313 minus
514 1269 575 1314 rex
596 1247 728 1336 Anglioe
762 1271 860 1337 super
881 1250 1180 1317 innumerabilibus
1201 1250 1433 1318 exactionibus
1444 1258 1515 1312 nn.
1529 1266 1601 1313 taes.

383 1349 510 1414 domini
533 1373 645 1438 papae3
682 1358 717 1418 et
738 1352 980 1420 contradictum
1002 1357 1053 1418 est
1076 1353 1117 1418 de
1139 1353 1267 1419 tributo
1289 1352 1431 1440 englis,
1446 1339 1589 1457 offigffim

384 1473 449 1537 quo
471 1452 614 1518 involvit
640 1475 713 1519 eam
735 1477 797 1520 rex
819 1454 1000 1537 Johennes,
1024 1461 1171 1542 tempore
1204 1455 1284 1521 belli
1306 1460 1341 1521 et
1363 1456 1431 1521 odii
1443 1421 1537 1552 ξτῑιιιιιο
1570 1539 1577 1552 ·

384 1555 472 1622 inter
493 1555 601 1642 ipsum
624 1562 659 1622 et
680 1556 807 1624 nobiles
838 1559 879 1624 de
909 1580 1034 1646 regn03
1072 1559 1127 1623 eni
1158 1557 1352 1646 obligationi
1375 1557 1429 1622 de·
1444 1541 1596 1672 fflssgnm

383 1657 546 1723 testandae
580 1681 648 1724 non
679 1661 843 1726 consensit
874 1661 968 1750 regni
1001 1661 1209 1739 universitas,
1238 1659 1340 1725 immo
1371 1681 1431 1748 pro
1444 1672 1561 1725 ofJohn.

383 1760 602 1826 universitate
640 1763 849 1829 contradixit
882 1764 1144 1852 archiepiscopus
1182 1757 1548 1836 Oantmriensiskw.

383 1861 579 1948 Stephanus
648 1865 744 1946 Item,
781 1867 950 1955 episcopus
993 1866 1174 1934 Beritensis
1211 1864 1431 1932 Wslersnnus
1443 1831 1601 1956 m.

383 1971 508 2032 csrtam
539 1966 622 2054 legit
651 1968 688 2032 in
721 1968 861 2055 publico,
883 1971 920 2036 in
951 1993 1017 2057 qus
1048 1991 1193 2058 appensa
1217 1968 1352 2034 fuerunt
1373 1967 1431 2034 xii
1444 1958 1525 2008 Μ
1553 2022 1560 2037 .

382 2069 499 2156 sigilis,
533 2069 575 2136 de
609 2068 815 2138 infortunio¹
850 2074 939 2160 quod
972 2074 1094 2140 accidit
1120 2073 1223 2158 juxte
1263 2071 1431 2152 Generum,
1444 2024 1586 2144 {ffiffi

382 2172 451 2254 uhi,
481 2173 765 2261 triumphantibus
799 2175 1048 2256 chorosminis?
1085 2175 1274 2244 ceciderunt
1305 2173 1432 2240 infiniti
1446 2157 1553 2212 Μ

382 2273 573 2357 Christiani,
596 2283 631 2344 et
653 2278 744 2344 victe
766 2277 832 2346 fuit
853 2279 974 2346 militie
996 2279 1125 2367 Templi
1147 2284 1182 2346 et
1205 2273 1412 2366 Hospitalis.⁸

495 2627 669 2694 Domitius
690 2649 748 2693 reo
761 2627 886 2713 firmet
909 2633 1059 2694 rostrum
1081 2627 1122 2695 dc
1145 2625 1314 2696 emanet.

425 2805 585 2892 Tempore
607 2806 669 2871 sub
684 2805 798 2872 eodem
814 2805 968 2872 dominus
981 2827 1050 2885 rex,
1068 2806 1149 2871 dum
1163 2806 1255 2893 apud
1270 2805 1430 2873 Gonnoeh
1443 2806 1600 2887 Isesprtns

380 2915 566 2975 moreretur
613 2909 793 2998 reprimens
840 2909 1034 2974 insolentias
1083 2907 1297 2986 Wslensium,
1339 2874 1584 2994 morefflffln.

380 3035 507 3101 guerrae
529 3013 723 3088 multotiens
745 3014 890 3100 dompne
914 3011 1060 3089 sustulit,
1083 3017 1118 3078 et
1140 3012 1264 3100 pluries
1286 3007 1515 3098 dampnamus.

381 3115 497 3182 intulit
519 3117 669 3183 inimicis
709 3117 836 3182 Octavo
851 3121 963 3182 eutem
986 3114 1143 3180 kalendas
1167 3112 1329 3193 Octobris,
1343 3115 1431 3180 facto
1472 3110 1582 3177 24801³t

381 3239 562 3305 congressu,
586 3219 774 3285 ceciderunt
796 3241 839 3285 ex
861 3217 984 3284 nostris
1006 3217 1129 3284 milites
1151 3215 1280 3282 strenui
1302 3217 1432 3282 Alnnus

381 3320 491 3403 Buoel,
514 3321 623 3388 Adam
646 3321 687 3388 de
711 3322 809 3399 Mola,
832 3321 999 3387 Galfridus
1022 3319 1192 3407 Eeturmy,
1215 3324 1250 3385 et
1273 3318 1431 3385 Reimun·

381 3423 442 3489 dus
478 3424 773 3505 Arcubelsstnrins,
821 3423 1060 3492 Gussconensie
1073 3421 1103 3503 3⁴
1140 3423 1182 3490 de
1219 3421 1429 3490 Wslensibus

380 3531 493 3592 sutem
525 3529 630 3594 multo
660 3528 779 3616 plum,
805 3529 862 3595 sed
896 3528 1056 3616 vulgares.
1102 3526 1199 3594 Misit
1220 3525 1323 3613 igitur
1343 3521 1599 3594 rex⁸¹¹¹⁸¹¹f⁰flm

380 3649 439 3717 pro
470 3628 740 3710 Ybernieneibus,
778 3631 836 3717 qui
873 3631 1045 3698 venientes
1084 3627 1141 3696 et⁰
1177 3630 1214 3695 in
1243 3629 1303 3694 ills
1335 3597 1550 3719 perteiffli

379 3731 508 3798 Wslliae
531 3755 605 3820 quae
628 3733 801 3822 Engleseie
835 3733 967 3813 dicitur,
989 3733 1098 3822 ipsam
1132 3732 1323 3820 depopulati
1348 3739 1535 3841 ‘'mm‘’

380 3836 416 3899 in
447 3835 531 3902 ferro
562 3842 597 3903 et
630 3837 771 3918 flemme,
804 3837 916 3902 omnia
947 3837 1168 3902 devastantes.
1214 3836 1286 3922 Ipsi
1317 3842 1429 3902 sutem
1487 3805 1580 3861 Μ’

380 3937 598 4004 Ybernienses
621 3940 663 4004 eb
686 3941 824 4025 antiquo
846 3938 1017 4004 Welenses
1048 3939 1124 4004 odio
1146 3937 1279 4017 habent,
1304 3945 1338 4005 et
1359 3961 1429 4005 sese

380 4040 424 4106 ad
451 4039 593 4106 invicem
614 4046 861 4128 persequuntur.
908 4041 982 4106 Rex
1003 4047 1115 4107 eutem
1147 4046 1223 4128 post
1243 4041 1429 4109 miserabile
1441 4044 1531 4112 fleury

380 4143 614 4209 exterminium
637 4142 851 4222 Wulensium,
875 4143 1033 4230 praecluso
1064 4143 1168 4210 etism
1202 4144 1350 4210 omnium
1372 4120 1540 4229 ruffi?

380 4245 582 4324 victualium,
605 4251 639 4311 et
661 4245 776 4311 multis
808 4246 851 4310 sd
873 4251 990 4311 votum
1023 4245 1218 4332 subjugetis,
1241 4251 1277 4312 et
1298 4246 1428 4334 elegun-
1441 4245 1535 4297 Μ’·

380 4348 505 4416 tissime
537 4347 670 4415 firmato
703 4354 810 4414 cestro
841 4346 883 4414 de
917 4347 1084 4426 Gsnnooh,
1107 4347 1196 4435 quod
1219 4347 1428 4417 Weleneibus

417 4694 589 4761 'infortunioJ
603 4694 757 4758 infortunio,
769 4695 826 4747 ΜΒ.
904 4701 906 4752 l
961 4695 1184 4764 *Gnaeum
1202 4698 1242 4749 At
1257 4699 1312 4750 first
1327 4699 1427 4752 ericen

415 4809 622 4878 mammem]
637 4811 875 4875 summense.
932 4775 1046 4922 Ἥ
1059 4856 1208 4909 Imm

415 4927 567 4994 ‘meane
576 4945 602 4995 p.
614 4934 672 4981 484.
961 4935 1024 5001 ἐι]
1038 4936 1299 5001 Βοωηραῐῆαοπι
