4242 6159
570 1036 637 1101 404
703 1048 869 1101 narrem
890 1047 1108 1102 reammnsrs
1129 1048 1295 1103 maroam
1315 1048 1517 1103 maeoseu.

403 1302 474 1354 en.
488 1309 560 1356 raes.
575 1291 747 1377 rowdo
769 1293 898 1380 opacae
920 1300 1092 1362 recocaws
1105 1292 1274 1363 emanarit
1296 1293 1409 1363 adbuc
1422 1288 1465 1359 ia
1479 1288 1621 1378 Aaqlic.

402 1453 550 1571 tenerem
629 1442 786 1530 Tempore
817 1448 947 1531 qu'oque
968 1445 1030 1510 sub
1052 1444 1167 1511 eodem
1201 1444 1353 1511 dominus
1383 1464 1471 1531 papa
1492 1438 1623 1527 scripsit

401 1559 552 1653 butsmya'
574 1543 694 1631 legato,
716 1553 756 1612 ut
776 1547 899 1613 rediret
920 1547 964 1613 ad
984 1547 1109 1613 curiam
1132 1546 1323 1628 Romanam,
1339 1546 1513 1633 expirante
1535 1542 1625 1628 lega·

403 1655 438 1717 br
448 1653 514 1731 vnn
525 1654 556 1704 os
574 1647 676 1713 tionis
706 1651 894 1737 potestate3
927 1650 1069 1716 timebat
1098 1649 1187 1717 enim
1209 1672 1261 1725 ¹ne
1283 1648 1409 1736 aliquid
1440 1647 1567 1713 sinistri
1590 1644 1621 1709 ei

402 1719 527 1786 ΜΨ·
573 1750 744 1831 accideret,
782 1773 821 1817 eo
858 1752 947 1839 quod
983 1752 1093 1819 multa
1128 1753 1324 1819 immutavit
1362 1756 1397 1818 et
1434 1750 1619 1816 innovavit.

572 1852 670 1933 Quod
693 1857 903 1920 tamencum
927 1854 1090 1942 reginen
1113 1859 1199 1922 esset
1224 1859 1404 1942 acceptum,
1428 1852 1621 1942 procuravit

569 1955 658 2021 idem
680 1978 748 2035 rex,
769 1957 841 2044 ipso
862 1958 974 2044 legato
996 1957 1234 2035 consentiente,
1256 1962 1297 2023 ut
1322 1957 1451 2023 di'utiue
1475 1977 1619 2022 morare-

568 2062 633 2140 tur,
656 2059 735 2145 quia
756 2059 892 2126 domino
914 2060 985 2149 regi
1006 2060 1117 2127 fuerat
1139 2057 1378 2127 amicissimus.¹

591 2304 705 2373 Notus
730 2312 778 2372 cst
797 2304 1002 2393 inapcrctcri
1015 2304 1121 2393 filiae
1143 2328 1182 2373 ece
1203 2306 1421 2394 asperatam
1443 2302 1593 2372 Isabella.

398 2464 537 2518 Birthon
616 2453 717 2519 Anno
760 2474 891 2540 quoque
934 2454 996 2519 snb
1034 2453 1159 2532 eodem,
1196 2475 1303 2519 xvur.
1342 2454 1396 2520 die
1434 2451 1616 2528 Februarii,

398 2534 538 2662 ffpffle
568 2562 670 2621 natus
699 2560 752 2621 est
784 2556 975 2643 imperatori
1007 2556 1233 2643 Fr[etheric]0
1270 2556 1358 2621 filius
1395 2576 1438 2621 ex
1476 2536 1617 2620 Isabella

570 2659 787 2745 imperatrice,
811 2680 920 2724 sorore
950 2659 1037 2746 regis
1063 2658 1205 2746 Angliae,
1230 2662 1264 2723 et
1286 2662 1440 2723 vocatum
1476 2662 1528 2723 est
1558 2677 1617 2722 no-

569 2782 647 2825 men
668 2760 738 2846 ejus
768 2760 942 2839 Henricus,
963 2760 1001 2825 in
1023 2760 1184 2827 indicium
1213 2759 1335 2825 amoris
1351 2842 1353 2849 Α
1367 2759 1453 2847 regis
1476 2758 1616 2846 Angliae,

567 2864 725 2929 avunculi
758 2865 819 2930 sui.
865 2863 965 2929 Unde
996 2864 1039 2928 ad
1071 2862 1360 2950 participationem
1393 2861 1509 2951 gaudii
1531 2884 1615 2928 com-

566 2966 684 3047 munis,
706 2968 838 3054 scripsit
870 2966 1050 3052 imperator
1081 2966 1208 3051 regist
1230 2964 1345 3032 comiti
1368 2964 1519 3045 Ricardo‚
1542 2986 1616 3051 pnr-

565 3068 637 3134 vuli
667 3068 846 3135 avunculis.
892 3066 1051 3155 Epistola
1073 3072 1186 3134 autem
1208 3066 1387 3154 praemissae
1410 3067 1451 3134 de
1473 3066 1617 3154 peregri·

564 3172 709 3249 natione,
741 3176 776 3237 et
810 3192 906 3258 papae
940 3169 1059 3256 legato,
1095 3175 1129 3235 et
1161 3169 1261 3235 istius
1290 3170 1428 3257 jocundi
1462 3168 1616 3251 rumoris,

563 3273 695 3360 plenius
715 3274 753 3340 in
775 3273 891 3340 multis
912 3272 992 3339 locis
1014 3272 1148 3359 Anglise
1170 3269 1400 3339 annotantur.¹

848 3538 1086 3607 Gomnrotcna³
1108 3546 1155 3619 eet
1175 3560 1331 3626 meacm.

395 3698 556 3754 eommotion
612 3692 682 3761 Sub
697 3692 811 3758 eodem
833 3712 921 3757 anno
943 3694 1144 3756 commotum
1167 3695 1218 3755 est
1240 3712 1379 3778 regnum
1394 3691 1613 3771 vehementer,

394 3770 533 3885 {simil
568 3819 606 3862 eo
628 3794 773 3862 maxime
796 3793 884 3879 quod
915 3815 983 3873 rex,
1005 3796 1128 3880 praeter
1149 3813 1283 3859 suorum
1315 3799 1507 3881 magnatum
1539 3817 1614 3860 con·

395 3898 509 3979 eugenos
567 3899 697 3967 silicet
720 3917 862 3973 assensu,
878 3894 1059 3981 praesertim
1083 3894 1213 3960 comitis
1236 3894 1378 3975 Ricardi,
1401 3902 1612 3983 procuratum

394 3965 535 4085 &⁰⁸⁹⁸
565 4002 638 4070 eat⁴
653 4000 738 4066 illud
752 4005 824 4065 tarn
840 3998 982 4063 arduum
1004 3996 1255 4063 matrimonium
1276 3998 1366 4064 inter
1388 3998 1555 4066 Simonem
1570 4000 1613 4065 de

564 4102 775 4171 Monte-forti
798 4105 833 4167 et
855 4100 1054 4177 Alienoram,
1078 4104 1194 4165 contre
1217 4098 1320 4165 etiam
1342 4099 1552 4169 voluntatem
1577 4108 1612 4169 et

562 4207 735 4274 consilium
769 4202 968 4269 sanctissimi
1000 4201 1234 4290 archiepiscopi
1258 4202 1439 4282 Edmundi,
1460 4204 1497 4270 in
1520 4204 1613 4291 eujus

559 4304 760 4397 praesentia⁶
782 4306 906 4372 dicitur
939 4305 1012 4392 ipsa
1034 4304 1195 4371 Alienora
1215 4309 1334 4372 votum
1368 4306 1482 4373 fecisse
1508 4307 1612 4373 eonti-

592 4626 599 4657 ¹
616 4627 676 4691 qnia
687 4662 694 4676 .
705 4660 713 4677 .
726 4661 733 4676 .
745 4661 752 4676 .
764 4659 771 4675 .
783 4620 955 4688 emensam]
974 4621 1015 4673 On
1027 4636 1059 4671 en
1110 4620 1195 4673 lettere
1206 4636 1248 4673 ere
1259 4622 1337 4675 found
1348 4623 1376 4673 in
1386 4622 1418 4674 B.
1426 4622 1455 4677 C.
1466 4624 1518 4689 (ed.
1526 4624 1609 4684 Wats,

555 4718 665 4756 emente.
1109 4715 1133 4765 p.
1145 4703 1218 4766 466.)

589 4786 600 4814 ²
616 4786 642 4833 in
653 4782 733 4833 auleis
744 4821 751 4835 .
763 4820 770 4834 .
782 4779 956 4847 mammam]
972 4778 1013 4831 On
1024 4794 1057 4829 an
1140 4781 1150 4810 ¹
1170 4778 1326 4849 Commomm]
1339 4782 1480 4850 Qomotum
1492 4783 1548 4837 MS.

555 4878 662 4924 erasure,
687 4864 737 4913 and
756 4862 892 4927 originally
910 4861 1010 4911 written
1030 4860 1057 4908 in
1141 4858 1322 4924 ‘procuratum
1349 4862 1398 4927 ert]
1438 4864 1487 4915 We
1516 4866 1606 4917 should

555 4942 617 4993 libro
627 4942 863 5007 [acaemetarum
874 4938 911 5005 l].
932 4939 979 4990 All
985 4940 1056 4989 these
1106 4939 1228 5005 probably
1238 4941 1299 4991 read
1306 4942 1459 5006 procuravit.

1869 4908 1870 5003 l

1864 5016 1870 5154 l
