4242 6159
711 1030 760 1079 nr.
779 1029 941 1082 ruinose
963 1030 1064 1080 naurs
1086 1030 1268 1081 sensurus
1469 1020 1509 1081 81

453 1206 538 1271 beat
569 1226 676 1292 opere,
700 1205 789 1292 quod
821 1206 1005 1291 juraverat,
1036 1206 1227 1293 adimplere.
1271 1206 1326 1272 Ad
1360 1206 1421 1273 hoc
1454 1206 1594 1274 illene.
1610 1221 1681 1269 119⁹.

453 1308 667 1396 respondens,
689 1307 841 1395 promisit
863 1330 898 1374 se
921 1331 981 1397 per
1002 1309 1164 1375 auxilium
1188 1309 1252 1375 Dei
1274 1308 1448 1375 bonafide
1472 1334 1510 1376 ea

455 1434 534 1497 quae
550 1412 724 1497 juraverat
746 1410 935 1498 adimplere.
978 1411 1025 1476 Et
1046 1412 1094 1477 sic
1116 1411 1375 1500 archiepiscopus
1404 1413 1509 1501 impo-

455 1537 541 1580 nens
556 1514 658 1604 capiti
683 1515 755 1601 ejus
774 1538 935 1591 coronam,
952 1513 1052 1579 unxit
1068 1537 1143 1580 eum
1165 1514 1203 1579 in
1226 1536 1343 1602 regem.
1390 1516 1509 1581 Postea

435 1639 537 1682 .vero
559 1616 781 1704 interrogatus
803 1616 1065 1703 archiepiscopus
1098 1616 1259 1695 secretius,
1284 1640 1384 1704 quare
1407 1619 1508 1685 talem

434 1719 655 1809 praemiserit
675 1719 713 1784 in
739 1718 950 1784 coronatione
972 1740 1164 1800 sermonem,
1188 1718 1355 1785 asserebat
1386 1742 1420 1785 se
1442 1742 1508 1786 cer-

434 1822 621 1889 .tifiectum
641 1822 743 1888 fuisse
773 1821 900 1887 coelesti
934 1821 1066 1887 oraculo
1096 1844 1195 1909 super
1223 1820 1348 1899 multis,
1371 1845 1445 1909 quae
1467 1824 1508 1889 de

437 1925 529 2011 ipso
550 1948 626 2012 rege
647 1924 780 1991 iirerant
795 1929 946 1991 ventura.
991 1924 1034 1988 In
1049 1924 1194 1989 crastino
1210 1930 1329 2002 autem,
1345 1925 1508 2012 homagiis
1520 1946 1645 2000 sevicia

455 2033 492 2093 et
513 2027 731 2093 fidelitatibus
753 2028 903 2115 acceptis,
921 2027 1062 2091 Beatum
1077 2026 1255 2107 Albanum,
1276 2027 1410 2114 Anglire
1433 2012 1674 2145 prom&

456 2130 696 2211 thomartirern,
719 2131 878 2197 orationis
899 2129 1008 2217 gratia
1031 2129 1172 2196 devotus
1197 2129 1327 2217 petivit,
1351 2130 1408 2195 ubi
1432 2152 1506 2195 cum
1519 2146 1632 2199 Albana.
1660 2121 1666 2135 ’

437 2254 586 2300 summo
616 2231 748 2310 honore,
785 2232 947 2320 solempni
984 2233 1196 2319 processione,
1233 2237 1274 2298 ut
1310 2234 1411 2298 moris
1444 2238 1504 2313 est,

436 2343 634 2424 ‚susceptus
658 2359 734 2402 eum
754 2336 876 2403 abbate
906 2334 1025 2401 nobilis
1054 2335 1196 2403 conviva
1229 2334 1416 2414 laetabatur,
1446 2359 1506 2403 nec
1559 2354 1562 2363 “

434 2438 528 2507 .sine
558 2438 710 2526 pretiosis
738 2439 870 2505 recessit
904 2438 1079 2503 donativis.
1127 2437 1227 2504 Unde
1261 2438 1440 2504 certissime
1471 2461 1505 2505 se

437 2542 608 2629 ‚promisit
628 2541 718 2607 illam
750 2541 918 2607 eeclesiam
949 2540 1134 2627 specialiter
1164 2562 1233 2627 prae
1257 2541 1409 2607 omnibus
1431 2564 1506 2628 pro-

455 2652 631 2710 moturum.
677 2644 724 2708 Et
738 2644 966 2710 brevissimam
980 2663 1107 2708 moram
1129 2644 1166 2707 in
1181 2642 1305 2729 Anglia
1319 2643 1449 2724 faciens,
1466 2667 1505 2710 ea

454 2769 530 2833 quse
552 2746 730 2812 statuenda
752 2753 848 2813 erant
869 2746 906 2811 in
926 2767 1029 2833 regno
1051 2767 1126 2811 cum
1152 2750 1346 2833 magnatum
1368 2747 1504 2813 consilio

452 2851 518 2916 rite
538 2850 674 2937 peregit.

458 3168 504 3235 Ut
525 3188 584 3234 rex
602 3167 779 3237 Joiumncs
799 3168 844 3235 aa
856 3167 1121 3235 Nmuscearkam
1138 3166 1363 3255 [trausteas],¹
1380 3168 1504 3237 medem

742 3271 871 3339 nobiles
892 3271 961 3339 stet
983 3269 1223 3338 cmwiliavcadt.

281 3441 440 3507 Roawena
499 3419 653 3488 Instante
667 3444 746 3487 vero
767 3422 920 3509 deinceps
940 3421 1023 3487 festo
1037 3420 1130 3487 beati
1143 3420 1167 3485 J
1169 3420 1308 3486 ohannis
1332 3420 1502 3507 Baptistae,
1531 3429 1652 3482 sessus

250 3529 251 3542 ¹
303 3512 338 3561 ἢ
352 3517 413 3563 ¹⁴⁰·
452 3522 491 3587 in
512 3522 753 3589 Normauniam
778 3546 840 3590 rex
865 3524 1037 3590 Johannes
1058 3523 1299 3589 transfretavit.
1359 3524 1405 3589 Et
1427 3517 1583 3589 cumJ⁰¹¹¹¹

450 3626 598 3693 venisset
629 3626 885 3713 Rothomagum‚
920 3626 1109 3693 confluebat
1132 3627 1177 3692 ad
1210 3648 1287 3693 eum
1320 3594 1672 3719 multitudoiigffidy

450 3731 614 3814 equestris
634 3730 797 3796 exereitus
820 3734 854 3794 et
875 3730 1046 3815 pedestris,
1072 3752 1154 3817 quos
1174 3750 1287 3797 omnes
1308 3729 1344 3794 in
1366 3730 1501 3796 servitio
1512 3717 1624 3835 fflen

449 3852 512 3895 suo
544 3832 641 3897 laetus
672 3832 820 3898 retinuit.
876 3832 1006 3898 Deinde
1036 3830 1190 3899 habitum
1221 3838 1273 3899 est
1302 3833 1500 3919 colloquium
1512 3802 1653 3917 blasianiP

448 3933 541 3999 inter
565 3956 676 4021 regem
691 3934 894 4000 Francorum
918 3942 953 4001 et
974 3935 1094 4022 ipsum,
1112 3934 1150 4000 in
1172 3957 1238 4022 quo
1260 3939 1398 4002 statut'ae
1420 3940 1502 4000 sunt
1512 3920 1574 3970 him.
1632 4002 1639 4015 ‚

447 4042 575 4123 trengae
597 4058 701 4123 usque
723 4038 761 4102 in
786 4039 967 4103 crastinum
982 4038 1230 4126 Assumptionis
1251 4037 1360 4104 bsatae
1376 4038 1500 4118 Mariae,
1513 4003 1669 4121 ffiffffi

447 4144 490 4203 ut
508 4138 617 4204 medio
631 4145 779 4227 tempore
793 4140 835 4205 de
849 4162 929 4228 paee
951 4144 1204 4207 contrectarent.
1251 4139 1354 4205 Venit
1374 4141 1503 4205 interea
1533 4157 1562 4202 15
1574 4154 1646 4219 Aug.

447 4232 495 4305 ad
518 4263 627 4329 regem
650 4242 840 4309 Johannem
871 4265 979 4309 comes
1006 4243 1220 4309 Flandrensis
1253 4242 1344 4330 apud
1376 4242 1658 4308 Retho-rrheeolmt

448 4366 596 4431 magum,
618 4350 655 4410 et
677 4344 737 4409 alii
758 4345 858 4411 multi
880 4346 1007 4411 nobiles
1031 4347 1071 4411 de
1094 4368 1195 4433 regno
1219 4343 1439 4425 Francorum
1465 4312 1668 4430 &papanem

448 4447 650 4534 pepigerunt
674 4447 784 4513 foedus
813 4448 968 4515 amicitiae
998 4470 1073 4514 cum
1102 4448 1226 4526 eodem,
1248 4448 1334 4513 sieut
1355 4446 1660 4564 fecerancffiwiu

448 4572 527 4616 cum
547 4572 624 4638 rege
646 4550 800 4629 Ricardo,
821 4558 937 4618 eontra
956 4572 1067 4639 regem
1098 4552 1319 4631 Francorum
1348 4550 1502 4639 factaque

447 4653 628 4720 securitate
649 4654 694 4719 ad
714 4653 868 4733 invicem,
890 4654 1028 4742 quisque
1050 4654 1094 4720 ad
1120 4654 1252 4743 propria
1273 4654 1439 4721 remeavit.

453 4844 495 4853 ...-
1410 4845 1496 4853 ——--

711 4970 722 5044 ¹¹
735 4970 870 5038 eoam]
898 4970 1020 5036 supplied
1030 4970 1097 5021 from
1107 4970 1150 5023 W.
1162 4970 1192 5022 B.
1205 4970 1233 5022 G.

542 5076 618 5129 VOL
642 5078 678 5126 IL
1348 5081 1369 5129 F
