4242 6159
576 1007 642 1070 220
699 1019 865 1070 narrans
888 1018 1100 1068 rsarsrnssrs
1122 1018 1285 1069 saroam
1307 1018 1507 1070 suonoaun.

406 1199 474 1252 Ab.
489 1207 561 1256 121⁷.
573 1215 749 1275 conserere,
781 1193 818 1258 in
849 1193 945 1260 brevi
977 1198 1049 1259 erat
1080 1192 1212 1280 penitus
1241 1193 1418 1261 infirmata
1464 1193 1554 1260 Nam
1582 1193 1626 1259 ab

572 1297 692 1385 Anglis
714 1297 940 1376 bellatoribus,
963 1297 1057 1362 etin
1080 1296 1208 1362 marino
1238 1296 1357 1384 proelio
1379 1297 1528 1376 eruditis,
1550 1297 1625 1363 telis

572 1399 844 1467 confodiebantur
877 1405 912 1465 et
944 1399 1087 1486 sagittis,
1116 1399 1239 1464 lanceis
1269 1398 1528 1483 perforabantur,
1559 1399 1625 1466 cul-

572 1504 660 1569 tellis
676 1503 927 1592 jugulabantur,
950 1503 1072 1590 gladiis
1101 1502 1364 1584 trucidabantur,
1387 1504 1530 1569 navibus
1551 1525 1623 1591 per-

572 1607 689 1672 foratis
721 1606 965 1694 mergebantur,
996 1605 1083 1672 calce
1120 1603 1338 1673 assabantur.
1393 1605 1475 1693 Spes
1508 1607 1624 1672 auxilii

571 1715 605 1776 et
635 1731 805 1776 succursus
838 1710 972 1796 penitus
1006 1708 1239 1789 evacuabatur,
1264 1709 1344 1795 fuga
1376 1731 1444 1774 non
1478 1709 1622 1797 patebat

571 1813 671 1880 Unde
691 1813 802 1893 multi,
818 1835 859 1880 ne
873 1813 1077 1899 'caperentur
1099 1809 1288 1877 cruciandi¹
1313 1810 1356 1877 ab
1377 1812 1530 1878 hostibus
1544 1813 1623 1888 vivi,

570 1937 639 1982 sese
670 1921 787 2003 sponte
820 1915 857 1980 in
892 1915 991 1980 maris
1026 1913 1184 1980 fluctibus
1217 1914 1433 2001 projecerunt,
1465 1915 1623 2003 eligentes

570 2021 682 2107 potius
702 2019 787 2084 mori
810 2039 909 2104 quam
931 2017 1069 2083 arbitrio
1092 2021 1128 2082 et
1149 2016 1325 2083 voluntate
1348 2018 1622 2084 tractariadver-

569 2125 738 2200 sariorum,
759 2127 860 2209 prout
888 2121 971 2186 dicit
1002 2121 1134 2199 Seneca,
1158 2120 1346 2187 “Hostium
1368 2121 1507 2188 arbitrio
1529 2121 1641 2199 mori„

570 2232 621 2294 est
642 2226 694 2292 bis
715 2223 849 2290 mori.''³
893 2224 996 2310 Angli
1028 2223 1133 2310 igitur
1163 2223 1208 2288 ad
1229 2229 1346 2290 votum
1367 2223 1641 2311 triumphantes.

569 2351 672 2396 naves
700 2328 847 2393 hostium
876 2325 1012 2392 funibus
1046 2326 1217 2414 colligatas
1247 2331 1325 2413 post
1358 2349 1393 2393 se
1425 2328 1469 2392 ad
1499 2332 1621 2393 terram

569 2432 755 2508 trahebant,
784 2435 884 2515 atque
915 2451 989 2494 cum
1023 2429 1194 2494 laetissima
1216 2430 1357 2495 victoria
1379 2452 1492 2496 versus
1515 2430 1622 2496 Dore

569 2557 641 2600 ram
664 2554 796 2620 aequora
816 2531 989 2610 sulcantes,
1005 2531 1114 2596 Deum
1136 2532 1172 2596 in
1195 2533 1263 2597 suis
1286 2533 1438 2619 operibus
1460 2533 1622 2600 collauda·

570 2639 661 2704 bant.
707 2636 866 2701 Videntes
888 2634 993 2722 igitur
1014 2639 1185 2723 magnates
1208 2635 1332 2701 ibidem
1353 2641 1565 2722 expectantes
1585 2643 1621 2704 et

570 2739 741 2806 castellani
763 2738 970 2824 inopinatam
993 2737 1058 2802 Dei
1081 2738 1251 2815 virtutem,
1268 2743 1303 2804 et
1316 2738 1493 2805 victoriam
1515 2739 1639 2805 mani..

570 2843 652 2909 feste
673 2841 909 2919 miraculosam,
934 2841 1041 2905 Deum
1068 2840 1289 2928 glorificantes
1312 2843 1467 2908 exierunt
1488 2843 1640 2909 obviam.

480 2933 484 2942 ’
570 2944 697 3034 buglis,
723 2950 757 3010 et
781 2943 894 3011 Gallos
915 2944 1109 3010 arctioribus
1130 2943 1273 3010 vinculis
1303 2945 1496 3011 constrictos
1517 2967 1622 3012 caroe-

404 3064 513 3128 Captum
569 3049 661 3114 ribus
692 3048 907 3113 intruserunt.
965 3045 1072 3119 Inter,
1091 3049 1218 3112 ceteros
1248 3051 1371 3124 autem,
1410 3048 1451 3113 de
1488 3051 1621 3115 sentina

403 3129 546 3247 ffiffi
568 3151 739 3238 cujusdam
761 3150 858 3214 navis
882 3154 1049 3216 extractus
1073 3153 1124 3214 est
1146 3149 1205 3214 diu
1228 3151 1387 3234 quaesitus
1415 3156 1451 3215 et
1476 3153 1620 3218 multum

401 3263 557 3315 ‘thellonn’
569 3255 772 3320 desideratus
787 3251 984 3317 Eustachius
1000 3251 1191 3331 Monachus,
1218 3253 1368 3339 proditor
1389 3254 1476 3339 regis
1490 3254 1620 3342 Angliae

569 3362 604 3423 et
627 3357 736 3443 pirata
767 3353 993 3440 nequissimus.
1050 3353 1133 3417 Erat
1162 3358 1274 3418 autem
1305 3353 1362 3419 ille
1385 3354 1642 3422 Flaudrensis³.

569 3459 713 3535 natione,
736 3463 771 3524 et
792 3456 971 3542 aliquando
1004 3455 1156 3520 habitum
1186 3455 1356 3542 religionis
1376 3459 1533 3542 portavit,
1561 3460 1639 3524 sed.

568 3584 628 3650 pro
650 3560 834 3626 hereditate
860 3559 1095 3644 consequenda,
1118 3558 1277 3625 fratribus
1307 3560 1375 3624 suis
1407 3559 1478 3625 sine
1507 3561 1637 3626 liberis.

568 3663 784 3751 praemortuis,
801 3663 914 3726 relicto
939 3661 1056 3727 babitu
1078 3666 1114 3727 et
1136 3661 1249 3726 ordine
1265 3683 1333 3739 suo,
1349 3668 1597 3748 apostataverat
1611 3689 1635 3744 3.

569 3773 603 3834 ot
637 3770 760 3832 extunc
780 3765 925 3830 existens
949 3764 1060 3851 pirata
1082 3768 1116 3829 et
1136 3764 1320 3851 piratarum
1342 3765 1507 3852 magister,
1534 3767 1637 3831 mul·.

568 3871 614 3935 tis
636 3865 860 3955 dampnosus⁴
884 3873 918 3931 et
945 3872 1101 3932 cruentus
1124 3866 1245 3952 praedis
1268 3867 1408 3933 indulsit
1431 3872 1466 3933 et
1485 3869 1638 3956 rapinis..

569 3972 635 4038 Sed
664 3971 799 4037 tandem
822 3969 933 4056 praedo
963 3969 1076 4056 praeda
1106 3969 1222 4048 factus,
1244 3969 1371 4034 fructus
1394 3969 1526 4058 collegit
1549 3971 1637 4037 via.

548 4087 642 4140 'rum
668 4095 809 4140 suarum.
866 4071 952 4151 Quia
983 4071 1208 4158 prodigialiter
1237 4071 1445 4159 diffiguratus
1476 4074 1518 4139 de
1551 4076 1637 4140 imo.
1653 4085 1699 4137 fol.
1715 4093 1807 4146 rost.

568 4183 735 4242 extractus
770 4182 804 4241 et
837 4173 979 4260 agnitus,
1014 4173 1177 4239 adductus
1212 4179 1264 4239 est
1299 4196 1408 4240 eoram
1434 4176 1637 4264 Anglorum.

568 4278 797 4367 magnatibus3
823 4277 947 4363 optulit
980 4298 1038 4362 pro
1061 4277 1134 4341 vita
1168 4297 1228 4340 sua
1257 4281 1292 4340 et
1317 4278 1473 4343 membris
1494 4279 1637 4346 inaesti·.

811 4463 989 4470 -——-——-—-—-
995 4463 1204 4469 -------
1210 4464 1314 4471 ——
1319 4466 1335 4469 ..

602 4575 609 4602 ¹
622 4578 766 4637 repnentur
781 4567 922 4635 nudandi]
936 4567 1027 4632 Partly
1038 4583 1072 4616 on
1117 4569 1196 4619 tatiou
1207 4571 1325 4634 repeated
1335 4576 1362 4620 at
1371 4570 1415 4620 fol.
1429 4576 1476 4621 144
1488 4570 1511 4633 b,
1520 4573 1566 4622 but
1575 4572 1619 4624 the

569 4667 601 4702 an
613 4665 720 4702 erasure.
1117 4663 1223 4714 passage
1240 4650 1299 4700 does
1309 4657 1354 4701 not
1370 4665 1446 4701 oocur
1457 4651 1485 4701 iu
1502 4650 1619 4703 aeneas

602 4732 612 4762 ²
620 4737 696 4796 prout
712 4765 719 4778 .
735 4765 743 4782 .
761 4765 768 4777 .
786 4726 823 4777 bie
834 4727 907 4792 mort]
935 4725 1029 4776 Added
1044 4725 1073 4775 in
1118 4727 1209 4778 werke.

569 4824 648 4874 marg.
683 4809 781 4861 Seneca
801 4807 825 4858 is
846 4806 899 4857 also
918 4806 1027 4856 referred
1046 4813 1073 4855 to
1150 4805 1345 4874 ’Flcsdrassiq
1364 4808 1511 4861 Interlined.

570 4890 598 4938 in
620 4887 651 4938 B.
671 4887 700 4938 (l.
722 4887 789 4947 thus,
807 4884 949 4936 “Arbitrio
975 4884 1073 4936 inimici
1151 4886 1330 4955 ‘dampnossd
1349 4889 1482 4953 dapnosus,
1494 4889 1551 4940 MS.

570 4967 643 5029 mori,
662 4975 698 5020 est
714 4967 754 5018 bis
770 4966 861 5029 mori‚”
878 4966 929 5016 aud
949 4965 991 5016 the
1011 4980 1073 5030 quo·
