4242 6159
1210 1033 1338 1097 232
1472 1045 1805 1095 narrum
1852 1045 2277 1094 Pamsmnsls
2324 1043 2649 1095 ms‘romA
2695 1044 3097 1094 ammaum,

874 1234 1010 1284 AD.
1038 1238 1180 1284 1219.
1211 1219 1531 1308 P[etrus],
1561 1219 1900 1309 episcopus
1943 1220 2236 1307 ejusdem
2277 1219 2590 1299 civitatis,
2626 1218 2850 1289 omnia
2891 1217 3300 1284 ministravit

873 1322 1047 1438 ξγςῗιψ
1068 1322 1129 1372 of
1209 1323 1582 1390 necessaria.
1676 1323 1821 1405 Quo
1867 1323 2070 1389 etiam
2115 1331 2410 1411 tempore
2466 1322 2837 1388 Willelmus
2888 1320 3302 1389 Marescallus

875 1404 1164 1506 Mzirgffial
1211 1426 1442 1505 senior,
1472 1426 1590 1512 qui
1633 1431 1906 1515 propter
1950 1426 2055 1491 sui
2100 1426 2716 1513 magnanimitatem
2753 1425 2991 1495 merito
3023 1425 3304 1511 Magnus
3328 1474 3341 1486 .

875 1523 1054 1573 senior.
1212 1528 1563 1607 dicebatur,
1611 1529 1927 1617 regnique
1977 1533 2047 1594 et
2090 1529 2264 1616 regis
2328 1550 2621 1595 summus
2667 1527 3087 1616 gubernator,
3135 1526 3302 1592 salu·
3326 1577 3340 1591 .

835 1639 838 1642 ’
892 1644 910 1661 ²
1211 1636 1358 1698 tato
1403 1632 1648 1697 mundo
1694 1631 1821 1697 sibi
1853 1631 2182 1709 familiari,
2221 1631 2292 1696 in
2336 1631 2476 1696 fata
2518 1625 2878 1698 concessit..¹
2966 1627 3305 1695 Londiniis
3329 1677 3342 1690 .

1213 1756 1470 1820 quoque
1545 1734 1723 1821 apud
1797 1733 2068 1799 Novum
2144 1734 2507 1821 Templum,
2584 1734 2656 1797 in
2731 1732 2947 1799 medio
3022 1731 3303 1798 ecclesiae
3328 1779 3343 1794 .

1211 1836 1562 1903 honorifice
1626 1836 2044 1913 tumulatus?
2104 1836 2223 1901 tali
2283 1836 2527 1901 meruit
2585 1835 2921 1923 epitaphio
2963 1830 3309 1909 intitulari,
3330 1883 3346 1897 .

1213 1939 1504 2004 dictante
1549 1940 1861 2026 magistro
1893 1938 2210 2006 Ger-vasio
2241 1937 2322 2004 de
2352 1937 2781 2016 Melckeleia,³
2810 1938 3058 2024 optimo
3101 1940 3306 2002 astro-
3330 1987 3344 2001 .

995 2066 1007 2074 .
1099 2122 1115 2142 Τ
1212 2040 1380 2127 log0,

1302 2198 1338 2226 “
1362 2191 1522 2256 Sum
1578 2214 1773 2278 quem
1820 2193 2184 2259 Saturnum
2229 2191 2359 2257 sibi
2403 2191 2611 2258 sensit
2653 2189 2997 2270 Hibernia,
3046 2188 3262 2257 Solem
3331 2239 3346 2254 .

1303 2293 1563 2381 Anglia‚
1613 2294 2010 2360 Mercurium
2042 2295 2469 2372 Normannia,
2503 2293 2719 2360 Gallia.
2749 2291 3082 2360 Martem.”
3103 2289 3129 2328 ⁴

1896 2568 2257 2636 obsidetur
2300 2569 2648 2637 Damiata.

885 2732 1033 2804 siege
1055 2738 1116 2789 of
1306 2716 1553 2782 Eodem
1613 2721 1903 2803 tempore
1967 2717 2290 2805 Pelagius,
2373 2718 2745 2806 apostolicae
2803 2718 2974 2784 sedis
3039 2717 3312 2804 legatus,
3336 2734 3673 2802 Rofflvend.

882 2807 1152 2858 Damietta.
1217 2819 1457 2883 ardens
1503 2819 1751 2884 habens
1781 2819 2178 2885 desiderium
2210 2820 2550 2887 civitatem
2582 2820 2912 2887 Damiatae
2943 2819 3308 2900 obsidendi,
3407 2804 3483 2856 ¹*-
3510 2811 3598 2856 ⁴⁶·

1220 2920 1633 2988 Christianos
1678 2927 1830 3010 post
1874 2923 2248 3011 captionem
2292 2923 2513 3002 turriS,
2564 2924 2646 2989 dc
2692 2945 2822 3010 qua
2849 2924 3089 2989 bonam
3135 2944 3312 3010 spem
3338 2949 3355 2967 ·
3404 2939 3491 2992 cf.
3513 2946 3649 3012 Rog.

1220 3030 1670 3110 conceperunt,
1734 3024 2086 3112 diligenter
2146 3025 2625 3092 exhortabatur
2681 3027 2768 3091 ad
2826 3024 2970 3090 Nm
3022 3024 3312 3091 fluminis
3383 3007 3670 3131 ¹333&

1219 3127 1576 3192 transitum
1606 3153 1621 3208 ;
1670 3149 1863 3213 quem
1909 3150 2058 3193 cum
2104 3129 2398 3194 maxima
2442 3128 2829 3194 difficultate
2880 3133 3314 3208 transeuntes,
3338 3195 3351 3208 ,

1219 3230 1491 3295 tandem
1536 3230 1879 3296 civitatem
1926 3229 2334 3297 obsederunt
2384 3252 2501 3319 per
2543 3231 2777 3319 girum,
2821 3230 2921 3296 ita
2972 3231 3149 3318 quod
3196 3252 3349 3309 nec,

1221 3354 1337 3420 per
1353 3331 1379 3367 ⁵
1439 3342 1684 3398 terram
1745 3354 1865 3399 nec
1926 3356 2044 3420 per
2103 3355 2283 3400 mare
2344 3338 2661 3421 poterunt
2706 3334 2951 3401 obsessi
3010 3355 3312 3400 succursu
3338 3397 3354 3412 ,

1219 3434 1553 3522 gratulari.
1677 3435 1758 3500 In
1806 3457 1938 3521 qua
1991 3436 2335 3503 obsidione
2380 3437 2666 3525 impetus
2710 3436 3310 3525 supervenientium
3339 3502 3353 3515 ,

1223 3537 1727 3603 Sarracenorum
1791 3543 1860 3602 et
1922 3539 2160 3625 proelia
2207 3538 2748 3617 Christianorum,
2804 3562 2952 3628 quae
3014 3538 3318 3626 speciales
3340 3604 3356 3617 ,

1223 3639 1504 3724 exigunt
1549 3644 1896 3720 tractatus,
1953 3641 2010 3706 si
2074 3642 2223 3728 quis
2274 3641 2502 3708 audire
2547 3642 2891 3721 desiderat,
2937 3640 3178 3708 librum
3222 3663 3320 3707 re-
3342 3707 3357 3720 ,

1224 3741 1445 3827 quirat
1488 3740 2054 3828 Templariorum.⁰

2530 3910 2558 3916 ᾳ
2591 3912 2622 3916 -
2652 3909 2688 3916 u
2795 3910 2914 3916 ——-<
2959 3909 3021 3914 --
3065 3907 3319 3914 ------,-

1298 4005 1310 4036 ¹
1349 4007 1572 4070 myrtique
1605 4043 1616 4056 .
1643 4041 1656 4055 .
1683 4044 1695 4056 .
1734 4006 1997 4072 concessit]
2051 4009 2132 4060 On
2172 4024 2235 4059 an
2275 4027 2283 4119 Ι
2325 4008 2378 4062 in
2401 4012 2486 4062 the
2508 4008 2723 4077 margin,
2759 4011 2850 4061 but
2872 4011 3159 4061 aflerwards
3189 4019 3323 4060 com·

1235 4099 1451 4134 erasure.
1515 4085 1578 4133 In
1601 4085 1663 4135 Β.
1691 4085 1748 4136 C.
1773 4085 1818 4135 is
1836 4087 2016 4146 added,
2042 4087 2153 4137 that
2173 4089 2238 4138 he
2325 4091 2509 4155 pletcly
2523 4092 2709 4141 erased.
2745 4090 2807 4139 In
2825 4090 2911 4139 the
2928 4089 3126 4154 margin
3140 4089 3201 4138 of
3206 4089 3265 4138 B.
3280 4088 3323 4137 ia

1232 4179 1334 4213 was
1371 4162 1546 4213 buried
1584 4179 1651 4212 on
1684 4164 1970 4215 Ascensicn
2012 4166 2129 4231 day,
2179 4172 2237 4217 17
2326 4169 2411 4220 the
2433 4169 2698 4234 following
2720 4169 2923 4218 curicus
2960 4174 3078 4217 note
3098 4168 3167 4232 by
3191 4167 3324 4216 Mat-

1233 4243 1334 4293 kal.
1388 4242 1539 4305 April
1585 4245 1641 4306 (a
1684 4243 1896 4294 mistake
1943 4245 2023 4295 for
2065 4244 2240 4310 Junit)
2326 4248 2456 4298 thew
2480 4248 2655 4299 Paris:
2683 4248 2888 4297 “Plura
2905 4247 3155 4298 habentur
3169 4247 3323 4310 epita·

1242 4321 1332 4386 [16
1358 4321 1531 4386 MayJ.
2328 4327 2448 4392 phin
2471 4328 2655 4392 scripta
2676 4328 2737 4377 dc
2752 4343 2813 4377 co
2828 4327 2883 4377 in
2909 4327 3038 4377 libro
3060 4325 3324 4377 confratris

1202 4449 1207 4452 .
1303 4402 1324 4430 ²
1348 4401 1429 4450 On
1455 4400 1540 4450 the
1563 4400 1719 4451 lower
1751 4402 1951 4467 margin
1988 4404 2033 4455 is
2068 4405 2243 4455 drawn
2327 4405 2401 4457 M.
2424 4406 2735 4467 Parisiensia
2758 4421 2905 4471 quem
2939 4406 3088 4457 habet
3120 4406 3183 4456 de
3214 4419 3326 4454 ver-

1239 4479 1318 4529 his
1357 4478 1520 4528 ahield
1565 4480 1626 4529 of
1661 4495 1813 4540 arms,
1853 4485 2098 4545 reversed,
2134 4486 2243 4548 viz„
2329 4487 2469 4537 sibus
2488 4486 2700 4536 Henrici
2724 4489 2787 4536 dc
2809 4484 3102 4536 Abrincis.”

1240 4564 1386 4622 party
1410 4572 1500 4620 per
1530 4560 1656 4622 pale,
1680 4575 1737 4608 or
1766 4560 1866 4611 and
1900 4572 2028 4624 vert,
2065 4580 2096 4614 a
2136 4565 2242 4615 lion
2394 4568 2414 4596 ⁸
2433 4567 2550 4632 per]
2590 4567 2775 4616 Added
2796 4566 2849 4615 in
2873 4580 3030 4632 marg.

1237 4643 1468 4700 rampant
1511 4638 1693 4689 double
1745 4641 1904 4703 queve
1949 4643 2105 4708 gulas,
2144 4646 2243 4694 and
2394 4649 2414 4675 ⁶
2446 4645 2856 4711 Templariorum]
2921 4645 3003 4696 On
3026 4659 3091 4694 an
3114 4656 3326 4694 erasure.

1238 4716 1399 4766 below
1422 4716 1469 4765 is
1490 4718 1689 4768 written
1712 4719 1767 4769 in
1803 4723 1907 4782 red,
1931 4726 1962 4749 ‘⁸
1987 4722 2129 4774 Obiit
2164 4740 2243 4772 co·
2329 4724 2440 4774 The
2463 4728 2493 4752 ·‘
2513 4724 2741 4776 Historia
2766 4723 3209 4775 Hierosolimitana
3223 4722 3253 4745 ”
3276 4722 3336 4772 of

1239 4812 1335 4845 mes
1369 4794 1631 4847 Willelmus
1653 4797 1986 4850 Maracallus
2007 4803 2219 4852 senior-P
2329 4803 2367 4854 J
2368 4803 2554 4855 acobus
2588 4804 2649 4855 de
2672 4804 2908 4854 Vin-iaco
2930 4803 2976 4853 is
2991 4804 3236 4870 probably
3251 4817 3331 4852 re·

1306 4878 1324 4905 ¹
1348 4874 1665 4944 Melekeleia]
1695 4879 1776 4930 On
1799 4895 1864 4930 an
1886 4895 2094 4932 erasure.
2324 4882 2491 4933 ferr-ed
2534 4891 2588 4934 to
2631 4883 2765 4943 here,
2798 4898 2880 4950 pp.
2909 4887 3217 4944 1136-1139,
3254 4883 3331 4933 ed.

1304 4957 1322 4987 ⁴
1347 4955 1495 5006 Some
1506 4958 1667 5008 words
1677 4957 1805 5010 have
1816 4959 2065 5012 herebeen
2081 4961 2243 5012 added
2329 4962 2576 5028 Bongars,
2616 4967 2758 5012 1611.
