4242 6159
724 1064 773 1115 nn
793 1065 953 1118 rmrrons
975 1069 1076 1119 neers
1098 1067 1248 1120 molum.
1466 1060 1508 1124 33

460 1241 502 1303 ut
515 1239 682 1307 neminem
696 1261 807 1308 eorum
823 1243 947 1309 intrare
967 1247 1205 1332 permitterent
1233 1245 1281 1312 At
1301 1247 1348 1312 illi
1366 1249 1509 1315 tentoria
1522 1268 1589 1321 mn.
1606 1247 1676 1326 llos.

439 1362 524 1407 mua
549 1347 646 1409 extro
666 1343 782 1411 urbem
803 1353 993 1431 posuenmt.
1039 1347 1086 1415 Et
1111 1349 1158 1414 sic
1182 1351 1323 1416 recessit.

497 1637 548 1706 Dc
569 1638 720 1728 quodam
743 1639 915 1722 heremita,
942 1643 1006 1730 qui
1031 1643 1106 1730 cept
1128 1644 1279 1711 Ricordo
1297 1646 1476 1734 preclieit,

655 1743 850 1811 Jemmolem
871 1767 945 1813 noc
961 1746 1038 1832 fore
1059 1745 1321 1834 mctjopomlcm.

288 1901 453 2018 lienward.
507 1888 599 1956 Duce
628 1889 767 1978 igitur'
756 1912 793 1956 ιιι
823 1891 912 1959 hune
942 1893 1078 1958 modum
1109 1914 1262 1980 regresso
1292 1894 1385 1960 venit
1415 1902 1633 2020 nocteltieihard

371 1974 612 2080 ⁵⁸·sequenti
625 1993 796 2081 religiosus
810 1994 946 2080 quidam
961 1995 1005 2060 nd
1019 2017 1138 2083 regem,
1148 2001 1182 2062 et
1198 1996 1389 2062 mandatum
1399 1999 1511 2116 eujus·
1522 2037 1556 2086 h
1540 1979 1625 2102 1¹5⁵ss
1612 2049 1650 2086 e-r

461 2095 539 2160 darn
552 2096 751 2162 sanctissimi
765 2096 936 2163 heremitae
958 2096 1001 2162 nd
1016 2120 1092 2164 eum
1107 2098 1237 2178 detulit,
1260 2099 1318 2186 qui
1340 2100 1409 2186 regi
1424 2107 1558 2168 certelm
1523 2105 1577 2164 mit

443 2199 670 2286 .sr'gnificavit,
693 2204 734 2264 ut
753 2199 798 2265 nd
818 2220 905 2279 eum,
929 2221 1028 2266 causa
1049 2200 1237 2268 visendit
1203 2207 1237 2268 et
1259 2202 1511 2269 instructionem

444 2302 508 2368 ‚sd
528 2323 626 2368 snum
646 2301 832 2389 profectum
852 2301 1040 2390 recipiendi,
1062 2309 1258 2390 properaret.
1303 2305 1377 2372 Rex
1401 2313 1511 2374 eutem

461 2405 615 2472 densete
628 2426 835 2492 consurgens,
858 2407 1037 2494 assumptis
1059 2427 1169 2474 secum
1192 2408 1288 2474 sociis
1310 2408 1511 2496 quingentis,

459 2507 505 2574 ad
523 2509 634 2574 virum
656 2508 722 2575 Dei
744 2509 906 2596 pervenit
951 2508 1020 2575 Hic
1041 2530 1120 2576 vero
1142 2531 1201 2597 per
1222 2510 1357 2598 longum
1380 2517 1512 2599 tempus

459 2611 549 2698 apud
573 2609 733 2676 Sanctum
758 2609 947 2678 Samuelem
972 2611 1010 2678 in
1038 2617 1153 2678 monte
1182 2617 1358 2694 manserat,
1391 2615 1449 2700 qui
1477 2621 1513 2681 et

459 2714 580 2802 spiritu
611 2713 758 2802 pollebat
786 2713 974 2802 prophetiae.
1020 2714 1087 2781 Hic
1117 2714 1213 2781 odie
1242 2715 1309 2792 illo,
1332 2736 1398 2801 qua
1421 2717 1512 2784 Crux

460 2817 637 2884 Dominicn
657 2823 754 2905 captu
788 2821 839 2884 est
869 2823 904 2884 et
925 2822 1018 2884 terra
1039 2817 1168 2899 amissa,
1199 2817 1285 2884 nihil
1307 2819 1372 2884 nisi
1395 2819 1512 2886 herbas

459 2921 644 2987 comederat
680 2924 715 2986 et
747 2919 881 2998 radices,
912 2940 972 2988 nec
1003 2920 1070 2986 ullo
1106 2920 1263 2988 utebatur
1294 2927 1512 3009 tegumento;

458 3023 585 3112 capillis
615 3021 850 3090 tantummodo
878 3022 1086 3110 operiebatur
1112 3023 1288 3110 barbaeque
1311 3024 1510 3110 prolixitate.

461 3125 569 3206 Quem
583 3147 644 3192 rex
659 3124 786 3191 diutius
800 3124 997 3192 admirando
1012 3126 1156 3205 intuens,
1172 3126 1402 3194 sciscitabatur
1416 3127 1511 3213 quid-

461 3251 542 3294 nam
556 3228 666 3295 vellet
712 3227 774 3294 Ille
796 3249 875 3295 vero
897 3228 939 3294 de
961 3229 1047 3316 regis
1071 3228 1217 3294 adventu
1239 3228 1382 3316 gavisus,
1405 3229 1512 3315 ipsum

459 3331 498 3397 in
524 3331 705 3397 oratorium
736 3352 832 3397 suum
862 3331 1013 3410 adduxit,
1045 3350 1227 3416 eruensque
1249 3331 1291 3396 de
1313 3352 1407 3398 muro
1430 3331 1513 3419 lapi·

460 3435 536 3500 dem
558 3456 672 3514 unum,
694 3434 861 3521 quandam
876 3455 1005 3500 crucem
1025 3433 1169 3521 ligneam
1184 3437 1219 3500 et
1234 3433 1510 3500 monoeubitalem

460 3537 502 3604 de
515 3558 610 3603 muro
625 3537 784 3617 extraxit,
808 3543 844 3602 et
862 3537 933 3624 regi
955 3535 1075 3602 devote
1094 3536 1244 3623 porrexit
1257 3542 1293 3602 et
1307 3536 1409 3617 dedit,
1426 3535 1512 3602 affir-

461 3661 556 3706 mans
578 3639 690 3727 procul
713 3638 816 3706 dubio
838 3637 923 3705 hauc
937 3659 1066 3705 crucem
1082 3637 1124 3704 de
1139 3639 1230 3726 ligno
1252 3638 1389 3704 Domini
1403 3638 1511 3704 fuisse.

461 3743 610 3830 Regique
632 3743 733 3810 etiam
759 3743 848 3808 inter
871 3742 939 3807 elia
963 3740 1060 3819 dixit,
1083 3693 1184 3827 quode
1197 3741 1426 3829 nequaquam¹
1451 3743 1512 3808 hac
1523 3752 1580 3801 who
1591 3767 1646 3818 pre

460 3845 534 3911 vioe
563 3849 686 3911 terrem
714 3844 807 3908 illem
839 3843 1007 3932 optinerit,
1040 3843 1193 3929 quamvis
1226 3849 1358 3909 strenue
1388 3819 1588 3935 rubiqueffe⁰¹⁸
1585 3820 1643 3935 fill}
1644 3828 1671 3937 ‘t

461 3948 588 4036 egisset
634 3946 688 4023 Et,
716 3951 755 4012 ut
777 3946 898 4012 certios
920 3967 980 4011 rex
1002 3945 1152 4010 dictis
1124 3967 1194 4032 ejus
1217 3945 1316 4012 fidem
1330 3967 1552 4014 accommo-u
1522 3955 1668 4069 llsoeoedin

461 4051 565 4130 duret,
588 4049 751 4116 asserebat
773 4049 917 4138 scipsum
942 4049 985 4114 ab
1010 4048 1072 4114 hoc
1094 4048 1202 4115 seculo
1224 4049 1279 4114 die
1300 4049 1440 4136 septime
1462 4019 1563 4152 se·¹¹¹⁸
1562 4029 1654 4136 ξω

462 4159 584 4242 quente
608 4153 836 4240 migraturum
891 4153 998 4234 Quem
1020 4173 1081 4218 rex
1110 4172 1218 4218 seeum
1245 4152 1289 4219 ad
1312 4157 1420 4218 costra
1441 4101 1560 4240 per-pn

462 4257 569 4335 duxit,
584 4261 624 4322 ut
638 4255 851 4323 dictorum'
822 4277 893 4341 eJus
916 4260 1073 4323 eventum
1099 4255 1344 4343 comproborct3
1369 4258 1412 4335 et,
1429 4256 1514 4322 sicut

463 4360 671 4450 pmedixerat,
693 4360 737 4428 ab
750 4359 812 4426 hac
833 4358 906 4425 luce
920 4358 974 4426 die
989 4357 1130 4448 septima
1144 4358 1188 4424 ad
1204 4359 1385 4426 Dominum
1409 4363 1514 4424 trans-

463 4461 629 4549 migrarit

782 4721 789 4750 ¹
802 4719 967 4786 reqacqnnn]
986 4734 1132 4786 noeaqnam,
1143 4717 1200 4771 MS.
