4242 6159
661 1037 709 1089 oa
730 1039 888 1092 rsuross
910 1039 1011 1091 asora
1034 1038 1189 1105 sssa1er,
1211 1039 1280 1089 rm.
1305 1020 1428 1089 rsarn‘.
1498 1023 1563 1094 487

540 1352 736 1434 detoratur
757 1353 1015 1442 Aodeprooias,
1039 1361 1080 1421 ut
1102 1354 1150 1422 ad
1172 1353 1366 1443 imperium
1388 1351 1539 1421 aaroni)
1573 1367 1643 1419 nr).
1658 1373 1730 1417 ιιιι.

563 1512 688 1580 Diebus
725 1515 787 1580 sub
817 1514 949 1596 eisdem,
980 1511 1209 1582 animantibus
1246 1515 1380 1581 domino
1412 1537 1499 1602 papa
1528 1518 1562 1578 et
1573 1529 1629 1579 Tne
1639 1529 1723 1580 Lanu

518 1607 885 1695 Mediolanensibus,
852 1623 885 1684 et
916 1619 990 1685 aliis
1013 1619 1221 1707 imperatoris
1241 1618 1428 1695 rebellibus,
1448 1617 1560 1682 Aude-
1573 1611 1651 1675 W

516 1720 649 1806 gravius
672 1721 898 1787 ιιιιιιιοιιιιιι2
917 1726 1098 1788 tractatum
1120 1722 1239 1787 habuit
1263 1727 1298 1787 et
1318 1719 1499 1796 eonsilium,
1523 1664 1725 1784 utiteiiidetlr

516 1844 656 1910 regnum
671 1823 864 1904 Alemaniae,
882 1825 969 1912 quod
985 1829 1034 1890 est
1057 1826 1150 1912 quasi
1166 1847 1241 1890 arra
1255 1824 1430 1889 Romani
1420 1823 1683 1917 mpeffi’ssomana
1573 1799 1691 1916 rung·
1649 1799 1729 1849 (ΜΘ

421 1951 423 1956 “
515 1926 578 1990 sibi
601 1931 782 1993 assumeret
796 1950 854 2015 per
877 1929 1130 1995 ecclesiasticum
1150 1928 1312 1995 auxillum
1334 1928 1433 1992 eitius
1446 1925 1562 2012 adqui-

516 2029 676 2094 rendum.³
732 2029 807 2108 Sed,
840 2037 1036 2118 procurante
1070 2031 1219 2099 astutia⁴
1251 2031 1468 2118 imperatorie,
1501 2029 1563 2094 hoe

515 2133 686 2218 negotium
706 2155 900 2222 erupensum
922 2136 1010 2223 oepit
1031 2157 1106 2202 eum
1129 2135 1288 2202 dilatione
1310 2133 1561 2200 detrimentum.

737 2407 939 2496 Suspectam
960 2408 1072 2478 arma
1092 2407 1330 2497 moritopimo.

562 2576 714 2663 Ipsorum
752 2598 882 2664 qnoque
928 2584 1114 2667 temporum
1151 2578 1321 2655 curriculo,
1358 2581 1397 2642 ut
1434 2579 1562 2662 partem
1575 2590 1693 2645 Theom-

516 2701 610 2744 suam
632 2680 738 2767 magis
759 2681 939 2758 roboraret,
961 2682 1140 2770 imperator
1170 2681 1292 2768 nuptui
1315 2680 1409 2745 dedit
1431 2679 1562 2744 cuidam
1574 2676 1725 2778 ξωῖικωῐ·

517 2780 707 2848 Graecorum
744 2783 983 2869 potentissimo,
1020 2785 1153 2851 nomine
1199 2784 1361 2860 Battsei0,
1403 2783 1562 2848 Romanae
1575 2796 1700 2861 daughter

517 2885 658 2952 eeclesiae
673 2907 773 2952 exoso
796 2891 830 2953 et
852 2887 1069 2970 inobedienti,
1086 2894 1121 2955 et
1142 2888 1216 2954 ideo
1238 2885 1430 2964 scismatico,
1432 2883 1447 2922 ⁵
1459 2884 1563 2951 filiam
1575 2863 1731 2982 ffgffim’

517 3009 619 3072 suam,
642 2988 724 3056 faeie
746 2989 847 3057 nimis
870 2990 1075 3080 speciosam.⁰
1576 2997 1669 3062 prinae

636 3277 843 3349 aaronem
864 3279 990 3370 David,
1013 3301 1093 3348 eum
1113 3279 1190 3347 suis
1218 3277 1436 3347 Woleaeibaa

561 3451 654 3519 Anni
689 3476 818 3542 quoque
850 3453 911 3520 sub
944 3452 1034 3519 illius
1066 3458 1214 3540 tempore
1235 3450 1371 3528 vernali,
1394 3447 1564 3514 Wslenses
1574 3456 1666 3510 Princo

517 3557 698 3624 nescientes
721 3562 756 3624 et
778 3557 926 3624 nolentes
949 3557 1032 3622 oolla
1054 3579 1115 3622 sua
1136 3553 1289 3643 legibus⁷
1302 3553 1426 3642 ignotis
1440 3550 1565 3638 Anglo·
1575 3526 1723 3645 ffiffl

518 3683 592 3726 rum
615 3660 820 3739 submittere,
837 3661 936 3727 duees
958 3660 1022 3727 sibi
1045 3660 1283 3726 constituentes
1298 3656 1420 3734 David,
1436 3652 1653 3720 Leolinirebet

518 3764 632 3842 filium,
665 3769 701 3830 et
730 3763 889 3851 quosdam
923 3763 1006 3829 alios
1039 3767 1191 3850 potentes
1223 3761 1265 3826 de
1291 3759 1421 3835 Wellia,
1450 3761 1566 3823 contra

518 3887 628 3955 regem
650 3873 685 3933 et
718 3867 789 3953 ejus
822 3865 1021 3944 marchisios,
1045 3870 1212 3932 cartarum
1244 3882 1443 3947 suorumque
1472 3861 1564 3946 jura-

517 3975 705 4035 mentorum
742 3968 848 4046 obliti,
886 3990 1039 4058 guerram
1081 3971 1258 4033 moverunt
1295 3963 1564 4032 amentissimum

518 4072 655 4152 Quibus,
678 4077 842 4160 praeoepto
864 4072 951 4160 regis
973 4077 1009 4138 et
1030 4093 1091 4159 pro
1113 4076 1278 4137 terrarum
1300 4089 1435 4134 auarum
1457 4067 1563 4132 salva-
1576 4087 1704 4155 Tneyare

517 4176 617 4253 tione,
639 4174 784 4241 viriliter
813 4176 1012 4242 restiterunt
1041 4196 1150 4241 eomes
1179 4175 1221 4239 de
1253 4171 1358 4252 Clare,
1385 4193 1494 4237 eomes
1522 4170 1564 4236 de
1576 4159 1685 4222 ⁰PP⁰⁵²d
1695 4159 1729 4223 bl

551 4449 558 4483 ¹
576 4447 683 4517 nabbe]
702 4451 812 4512 hanelet,
824 4449 882 4505 MS.
1062 4451 1179 4516 inmerg.
1214 4447 1270 4500 The
1281 4448 1341 4514 lady
1352 4447 1452 4500 alluded
1468 4457 1495 4500 to
1510 4462 1563 4498 was

551 4532 730 4597 'mauram
753 4532 863 4583 written
884 4547 917 4582 on
936 4529 1016 4595 solip
1062 4531 1148 4593 Anne,
1169 4546 1186 4580 a
1207 4530 1305 4579 natural
1330 4528 1454 4595 daughter
1471 4529 1501 4578 of
1519 4528 1563 4578 the

518 4612 549 4662 of
565 4611 660 4662 rellnrn
677 4611 765 4675 pasted
784 4627 845 4663 orer
866 4613 910 4662 the
926 4613 1016 4674 words,
1062 4625 1182 4674 emperor,
1204 4609 1315 4659 married
1336 4615 1363 4659 to
1383 4608 1455 4658 John
1475 4608 1564 4658 Durae

518 4689 584 4741 miles
595 4689 752 4742 Amana.
1063 4691 1181 4752 Vateees,
1202 4704 1316 4754 emperor
1335 4688 1366 4738 os
1383 4688 1479 4740 Greeoe
1496 4687 1563 4738 from

551 4771 650 4820 'citius
660 4769 850 4838 adquirendum]
865 4771 1018 4824 Onanera-
1066 4774 1130 4819 1222
1159 4775 1186 4819 to
1213 4773 1285 4819 1255.
1319 4767 1368 4820 See
1395 4768 1505 4818 “L'Art
1532 4769 1564 4818 de

519 4867 582 4904 rnre.
1065 4848 1174 4900 Virifler
1184 4849 1222 4899 les
1232 4847 1338 4911 Dater,”
1350 4847 1367 4900 i.
1379 4852 1435 4899 ⁴50.

553 4933 562 4962 ⁴
577 4931 684 4998 aerario]
703 4931 825 4994 eastreia,
836 4931 892 4983 MS.
1099 4933 1108 4959 ⁷
1124 4929 1228 4997 lepidio]
1249 4929 1304 4982 Tho
1316 4931 1364 4982 last
1374 4929 1480 4996 syllable
1491 4929 1514 4980 is
1530 4946 1563 4981 on

552 5013 562 5042 ⁵
578 5012 726 5078 ιιίιιιιαιίιο]
746 5011 884 5073 eismetieo,
896 5011 953 5062 MS.
1065 5026 1217 5064 onerarere.

554 5091 656 5156 'filiam
673 5129 681 5145 .
698 5129 705 5145 .
723 5130 729 5145 .
745 5091 909 5160 .rperiosom]
928 5089 1021 5143 Added
