4242 6159
628 1089 693 1154 t54
753 1103 919 1154 narrum
942 1104 1158 1158 mulsionem
1179 1105 1345 1156 maroam
1366 1103 1567 1155 aaoaoaun
1655 1075 1657 1079 ’

460 1278 698 1356 animabus,
737 1278 817 1364 quia
864 1280 1090 1349 anathematis
1128 1280 1264 1350 vinculo
1301 1281 1479 1347 tenebatur
1515 1275 1680 1352 astrictus,

628 1403 784 1469 magnam
806 1382 917 1450 induit
948 1389 1023 1451 tota
1057 1390 1148 1452 terra
1180 1385 1413 1451 confusionem.
1460 1379 1601 1447 Interim
1622 1377 1681 1444 do·

627 1485 738 1550 minus
760 1507 819 1551 rex
840 1486 876 1550 in
900 1486 1062 1575 principio
1084 1489 1263 1575 autumpni
1282 1509 1397 1555 verane
1412 1485 1570 1552 Walliarn
1590 1503 1684 1550 exer·

628 1586 733 1653 citum
771 1589 896 1655 direxit
934 1591 1110 1676 copiosum.
1173 1591 1276 1678 Cujus
1313 1592 1475 1679 impetum
1512 1585 1684 1651 Walenees

627 1691 839 1758 vehementer
861 1692 1086 1775 formidantes,
1102 1699 1175 1760 tum
1199 1694 1279 1781 quia
1300 1690 1438 1760 scisma¹
1461 1692 1571 1756 fuerat
1593 1686 1682 1752 inter

627 1799 808 1882 magnates,
832 1798 905 1860 tum
936 1795 1014 1882 quia
1045 1797 1206 1884 palustria
1227 1797 1299 1863 loea
1322 1796 1454 1863 Walliae
1476 1791 1683 1859 desiccaban-

626 1902 692 1977 tur,
715 1902 789 1963 tum
810 1903 944 1986 propter
966 1900 1348 1976 excommunicationem,
1365 1921 1430 1985 qua
1452 1894 1565 1962 David
1581 1892 1682 1958 viluit

626 2022 754 2083 exosus,
788 2025 856 2069 sese
890 2002 1023 2070 domino
1057 2026 1134 2092 rege
1165 2003 1389 2072 reddiderunt
1443 2001 1489 2067 Et
1522 1998 1578 2077 sic,
1609 1997 1681 2062 aine

626 2103 798 2192 sanguinis
841 2105 1024 2188 effusore?
1054 2107 1153 2178 cessit
1196 2107 1317 2174 Wallia
1353 2106 1389 2172 in
1425 2104 1512 2191 regia
1547 2099 1681 2188 Angliae

626 2207 794 2275 ditionem.

629 2418 713 2490 Octa
735 2424 782 2488 art
801 2417 986 2516 diaconalia
1012 2418 1107 2488 inter
1128 2418 1324 2507 episcopam
1345 2415 1622 2488 nummatam
1649 2419 1681 2484 at

1005 2522 1079 2610 ejus
1101 2522 1304 2610 apuam

459 2679 569 2737 Diiaord
670 2663 793 2732 Eodem
826 2670 977 2754 tempore
1012 2665 1183 2754 episcopus
1218 2665 1460 2733 Lincolniensis
1490 2663 1606 2730 volens
1643 2662 1679 2727 in

459 2754 598 2885 amno,
626 2767 760 2834 ecclesia
783 2791 842 2834 sua
865 2768 1046 2834 cathedrali
1070 2769 1264 2856 corrigenda
1286 2769 1323 2833 in
1346 2767 1511 2834 canonicis
1525 2767 1595 2833 suia
1610 2788 1679 2832 cor-

458 2887 567 3005 ffieppp
626 2892 740 2958 rigere,
764 2877 799 2938 et
820 2893 888 2940 non
911 2873 1200 2960 permissusque
1229 2872 1291 2938 hoo
1316 2871 1476 2940 hactenus
1507 2869 1680 2938 insolitum

458 3021 568 3086 ,hm
626 2980 661 3041 et
683 2974 874 3041 inauditum
889 2979 968 3054 erat,
983 2996 1119 3062 gravem
1135 2975 1242 3040 movit
1264 2975 1423 3040 adversus
1440 2974 1571 3039 eosdem
1586 2995 1681 3038 cano·

624 3078 714 3144 nicos
737 3080 953 3166 quaestionem
968 3100 1067 3166 super
1082 3078 1277 3144 visitatione
1299 3083 1335 3145 et
1357 3099 1550 3144 excessuum
1566 3097 1680 3142 eorum

624 3182 832 3266 correptione
863 3186 898 3247 et
929 3181 1131 3247 correctione
1154 3181 1311 3262 facienda,
1336 3182 1426 3268 quod
1447 3179 1680 3246 tantummodo

625 3284 668 3350 ad
691 3285 850 3350 decanum
873 3285 1039 3371 pertinere
1062 3284 1255 3351 asserebant
1288 3285 1331 3350 ab
1361 3285 1499 3373 antiquo
1522 3283 1678 3350 canonici.

625 3387 782 3467 Tandem,
806 3391 882 3476 post
903 3386 1027 3453 multae
1057 3387 1136 3454 hinc
1158 3388 1237 3453 inde
1258 3384 1540 3475 disceptationes⁸
1563 3391 1597 3453 et
1619 3387 1681 3452 im·

625 3489 851 3579 pretiabiliunr
897 3512 1117 3579 expensarum
1161 3490 1317 3556 inutilem
1361 3490 1565 3570 effusionem,
1603 3496 1680 3578 post

624 3615 745 3681 paucos
768 3614 873 3660 annos
897 3595 1046 3681 optinuit
1069 3594 1239 3682 episcopua
1261 3593 1350 3681 quod
1372 3594 1512 3682 optavit.

813 3815 863 3883 Dc
877 3816 1012 3904 feretro*
1025 3839 1130 3884 aureo
1153 3817 1266 3884 suani
1287 3814 1489 3884 manarat*

458 3973 550 4047 nenry
563 3981 613 4036 111.
670 3963 770 4029 Anno
793 3986 922 4053 quoque
945 3966 1006 4031 sub
1029 3967 1144 4032 eodem
1167 3966 1320 4032 dominus
1337 3989 1398 4032 rex
1414 3965 1578 4032 Henricus
1599 3965 1676 4045 ΙΙΙ.,

458 4063 571 4181 affl
626 4063 709 4152 pro⁵
732 4065 814 4134 sua⁰
836 4074 871 4135 et
893 4069 1024 4158 reginae,
1049 4069 1193 4135 filiorum
1216 4070 1425 4158 filiarumque
1447 4068 1604 4136 auarum⁷
1626 4091 1679 4135 aa·

458 4183 614 4236 abrincate
627 4168 695 4235 lute
718 4171 905 4238 animarum
938 4178 972 4240 et
1006 4195 1177 4262 corporum
1208 4173 1359 4254 sanitate,
1381 4177 1417 4238 et
1447 4173 1544 4262 regni
1574 4177 1679 4254 statu,

458 4249 615 4370 ξξᾱέᾱῗξή
626 4277 660 4338 et
682 4272 866 4340 animarum
889 4282 1133 4342 antecessorum
1155 4298 1298 4357 suorum,
1315 4277 1393 4342 fecit
1406 4275 1561 4344 fabricari
1575 4297 1678 4342 unum

458 4383 582 4503 iiiecerin'
626 4375 868 4444 nobilissimum
890 4378 1048 4474 feretrum
1077 4402 1120 4446 ex
1150 4402 1231 4447 auro
1265 4403 1348 4469 puro
1378 4381 1484 4468 primo
1517 4385 1551 4446 et
1574 4379 1678 4468 purio-

778 4543 809 4548 —
962 4543 1102 4550 0—-1--u
1279 4543 1438 4550 ..ι-*Ἀ-

662 4618 788 4688 'mand
808 4619 894 4682 ciama,
906 4619 961 4673 MS.
1084 4649 1097 4673 v
1208 4622 1292 4690 δρνο]
1327 4622 1419 4674 Before
1452 4623 1504 4674 thia
1532 4623 1602 4675 word
1633 4623 1677 4675 the

660 4699 670 4729 ²
686 4699 817 4765 effusione]
837 4699 993 4760 effusionem,
1004 4699 1060 4750 MS.
1177 4702 1306 4768 following
1317 4711 1376 4753 note
1387 4703 1433 4753 has
1450 4705 1512 4753 been
1524 4704 1604 4753 added
1615 4701 1678 4750 with

660 4781 670 4808 ¹
686 4777 882 4846 disceptationes]
902 4781 934 4830 In
954 4780 996 4831 the
1017 4787 1072 4831 text
1088 4779 1128 4830 de-
1174 4781 1319 4844 aplummet
1330 4782 1357 4831 in
1367 4783 1410 4832 the
1421 4782 1679 4847 margimaaaorcqai

627 4863 719 4922 capros,
732 4860 780 4908 and
792 4867 817 4908 lc
829 4860 909 4909 added
929 4859 956 4909 in
973 4875 1051 4925 marg.
1064 4861 1127 4910 with
1173 4861 1214 4910 sui
1224 4864 1306 4912 ηυιὉ.

627 4953 643 4986 a
653 4937 783 5000 plommet.
1206 4943 1216 4970 ⁸
1232 4942 1293 5007 rac]
1313 4943 1365 5003 ane,
1377 4941 1435 4994 MS.

661 5017 670 5045 ⁴
686 5016 717 5065 In
729 5016 771 5067 the
788 5017 887 5082 margin
899 5034 914 5068 n
925 5025 982 5068 note
1000 5018 1046 5068 hae
1062 5020 1125 5070 been
1206 5020 1215 5047 ⁷
1225 5019 1384 5086 filiarumque
1395 5022 1508 5088 sauram]
1533 5021 1622 5088 Partly
1642 5035 1675 5071 on

626 5094 734 5158 written,
745 5098 796 5146 end
808 5097 953 5148 astmwmda
963 5099 1058 5149 erased.
1172 5114 1206 5148 an
1218 5114 1326 5152 erasure.

1854 4873 1859 4880 ’
