4242 6159
550 1036 616 1106 190
677 1049 842 1103 usmnnr
865 1051 1079 1104 esamrmrsrs
1101 1051 1266 1102 meroem
1287 1050 1487 1103 arenosos.

379 1233 448 1290 ΑΒ·
463 1241 534 1290 121⁶·
547 1231 684 1298 nefarii¹
709 1231 881 1320 complices
910 1237 1155 1320 perpetrassent
1178 1231 1312 1311 ibidem,
1333 1233 1477 1310 recessit,
1499 1233 1619 1298 etad.

545 1355 656 1423 regem
677 1337 874 1423 perveniens
896 1335 1053 1402 conviciis
1075 1335 1212 1401 affectus
1234 1341 1293 1413 est,
1317 1358 1356 1400 eo
1378 1335 1468 1422 quod
1489 1336 1617 1402 omnia.

380 1442 437 1494 The
447 1459 521 1510 oropo
545 1461 613 1505 non
627 1437 864 1506 combussisset
911 1439 995 1505 Inde
1013 1439 1050 1504 in
1064 1439 1175 1504 furore
1189 1439 1352 1515 recedens,
1366 1440 1479 1504 omnia
1492 1439 1616 1518 oleon.

378 1511 492 1630 mi,
546 1563 620 1628 quae
646 1542 754 1608 dietus
780 1542 883 1607 abbas
913 1541 1031 1607 habuit
1057 1543 1095 1608 in
1117 1539 1295 1620 Holandia,
1328 1547 1363 1608 et
1395 1541 1534 1609 aedificia
1562 1547 1618 1607 et.

379 1645 493 1697 Hoflano
546 1645 644 1710 blada
667 1644 795 1712 Oonani
813 1642 995 1730 lilii-Elyae,
1016 1645 1104 1710 siout
1124 1648 1220 1710 erant
1241 1647 1327 1710 eirca
1347 1644 1470 1711 festum
1491 1645 1615 1711 sancti.

377 1727 504 1832 'ffli'n
547 1747 716 1814 Michaelis
749 1753 916 1836 aggerata,
940 1747 1130 1826 combussit,
1164 1748 1305 1834 ipsomet
1334 1749 1448 1835 ignem
1477 1769 1615 1836 suppo.

378 1846 646 1917 J⁰h¹¹’⁵1>f⁶·nente
679 1855 715 1917 et
748 1851 893 1928 docente,
928 1851 1018 1936 quod
1050 1850 1086 1916 in
1117 1850 1194 1915 imis
1222 1873 1382 1939 eggemm
1403 1852 1615 1917 incendiarii.

378 1929 459 1967 Μ’
544 1955 654 2041 ignem
694 1959 938 2042 supponerent;
975 1953 1066 2020 inter
1094 1953 1233 2032 favillas,
1273 1955 1402 2020 fumum
1440 1960 1476 2021 et
1511 1955 1616 2021 facee.

543 2057 608 2124 huc
629 2059 772 2144 illucque
798 2058 991 2134 discurrens,
1017 2079 1087 2123 non
1109 2058 1202 2144 prius
1225 2057 1303 2123 inde
1326 2058 1467 2138 recessit,
1495 2059 1615 2125 donec,

544 2162 663 2240 omnia,
695 2162 744 2226 its
775 2167 815 2227 ut
842 2161 942 2227 etiam
968 2161 1032 2248 ipsi
1058 2161 1169 2227 hostes
1195 2161 1323 2227 facinus
1346 2160 1614 2241 abhorruerunt„

543 2265 805 2352 consumpsisset.

736 2528 785 2595 Dc
801 2527 941 2614 jactura
960 2527 1050 2614 repis
1073 2527 1171 2615 apud
1199 2525 1402 2596 Wellestrem

374 2687 489 2804 ἕξω
589 2673 717 2741 Deinde
746 2695 825 2740 vero
847 2695 908 2740 rex
930 2674 1136 2766 J[ohannes]
1168 2697 1285 2743 versus
1314 2676 1502 2763 aquilonem
1531 2677 1596 2743 iter

376 2821 464 2870 nens.
542 2778 711 2866 arripiens,
733 2799 806 2844 oum
828 2778 981 2865 fugerent
1003 2800 1117 2844 omnes
1139 2779 1254 2845 incolae
1269 2780 1385 2845 afacie
1409 2781 1488 2865 ejus,
1502 2780 1617 2855 velut,
1644 2827 1680 2877 iii.
1748 2870 1755 2882 .

375 2890 464 2938 warda
542 2881 739 2948 adveniente
753 2881 960 2968 rapidissima
974 2885 1180 2970 tempestate,
1201 2904 1320 2969 aquam
1343 2885 1507 2949 marinam
1521 2905 1616 2952 eum.

375 2981 491 3062 nerones
542 2986 670 3052 fluviali
685 2986 826 3051 mixtam
849 2985 990 3050 transire
1004 2987 1076 3051 sine
1091 2985 1174 3052 duce
1195 2988 1417 3074 praesumpsit‚
1432 2988 1490 3072 qui
1505 2988 1615 3053 locus.

374 3048 502 3167 Ἐξ
542 3090 749 3156 Wellestrem
780 3087 941 3170 dicitur32
971 3089 1028 3154 sed
1057 3090 1119 3154 vix
1149 3089 1302 3168 evadens,
1336 3090 1461 3156 ididem
1491 3090 1615 3178 bigas„

374 3184 531 3301 &griffi
542 3192 736 3258 summarios
758 3192 887 3280 praedss
901 3198 936 3257 et
958 3192 1093 3280 rapinas
1115 3198 1297 3278 portantes,
1313 3198 1349 3259 et
1370 3215 1500 3260 omnem
1524 3194 1615 3259 the..

374 3323 466 3368 stream
543 3319 676 3363 saurum
702 3301 738 3361 et
763 3293 999 3382 supellectilem
1021 3296 1283 3382 irrecuperaliter
1307 3296 1425 3362 amisit
1470 3298 1616 3385 Aperta.

376 3383 532 3453 [weltere]
546 3401 627 3488 [est]
640 3399 653 3436 ³
667 3399 756 3465 enim
771 3399 808 3462 in
822 3397 940 3464 mediis
954 3396 1113 3464 fluetibus
1126 3404 1223 3480 terra,
1239 3404 1275 3465 et
1289 3399 1413 3478 sabulo,
1428 3401 1486 3487 qui
1499 3402 1607 3466 vivus·

544 3503 674 3580 dicitur,
705 3507 740 3566 et
770 3500 943 3567 absorbuit
974 3501 1140 3579 universa,
1162 3523 1263 3589 equos
1293 3522 1368 3567 cum
1398 3503 1595 3582 hominibus,

542 3627 644 3684 arma,
658 3605 803 3670 tentoria
818 3610 852 3670 et
866 3603 1034 3682 victualia,
1049 3609 1084 3671 et
1107 3627 1181 3692 quae
1203 3606 1240 3671 in
1254 3605 1380 3672 mundo
1401 3627 1461 3673 rex
1474 3612 1615 3695 praeter..

374 3729 530 3794 Johnseeps
542 3711 649 3777 vitam
670 3709 817 3796 possedit
839 3708 973 3774 cariora
1020 3708 1094 3774 Rex
1117 3709 1222 3796 igitur
1251 3731 1327 3774 cum
1348 3711 1481 3776 residuo
1503 3733 1616 3777 exen-
1710 3739 1774 3774 en.

374 3803 400 3846 at
412 3796 455 3846 the

375 3929 483 3980 Scine·
541 3916 765 3982 Cisteroiensis
782 3914 927 3994 Ordinis,
943 3937 1018 4000 quae
1034 3915 1260 3982 Suinesheved
1281 3915 1475 4004 appellatur,
1490 3918 1615 3982 tristis.

373 3997 530 4114 ffi’ss‘ffl
543 4019 640 4086 valde
663 4024 697 4086 et
726 4039 866 4084 moerore
896 4016 1064 4084 confectus
1090 4017 1319 4106 pernoctavit⁴
1364 4019 1442 4098 Ubi,
1465 4023 1505 4085 ut
1526 4041 1594 4085 ere-

375 4129 510 4196 nckeoby
543 4123 647 4200 ditur,
683 4123 724 4188 de
755 4121 853 4188 rebus
887 4143 908 4186 a
937 4119 1095 4188 fluetibus
1125 4121 1292 4188 devoratis
1314 4125 1445 4188 tantam
1474 4123 1594 4190 mentis

375 4198 451 4248 sever.
541 4226 682 4291 incurrit
703 4224 888 4302 tristitiam,
911 4224 1000 4310 quod
1023 4225 1131 4290 acutis
1153 4223 1301 4290 febribus
1323 4226 1425 4312 ooepit
1446 4227 1594 4314 graviter

540 4326 725 4395 infirmari.l
768 4326 879 4393 Auxit
908 4331 1020 4392 sutem
1050 4327 1260 4414 aegritudinis
1289 4328 1476 4395 molestiam
1506 4331 1593 4395 inor-

541 4431 657 4497 dinata
679 4430 750 4516 ejus
773 4431 863 4496 dieta
885 4435 920 4496 ct
942 4430 1076 4516 crapula
1096 4435 1261 4508 consueta,
1276 4431 1334 4518 qui
1356 4438 1453 4498 nocte
1473 4431 1531 4497 illa
1552 4432 1614 4498 de·

577 4717 702 4782 laeserit]
721 4715 845 4780 nephrasii,
856 4715 914 4766 MS.
1125 4717 1135 4745 ⁴
1142 4717 1310 4782 mactavit]
1340 4717 1419 4768 Alter
1446 4716 1497 4767 this
1524 4719 1593 4767 word

577 4797 638 4860 ²qoi
658 4833 665 4846 .
686 4833 692 4848 .
714 4831 720 4846 .
742 4833 748 4846 .
771 4795 874 4861 dicitur]
903 4795 995 4844 Added
1022 4795 1047 4845 in
1091 4798 1188 4846 several
1199 4797 1337 4848 lineshave
1347 4799 1410 4847 been
1420 4798 1501 4846 added
1512 4797 1540 4845 in
1551 4797 1593 4846 the

547 4891 628 4942 marg.
1092 4875 1491 4940 lowermargin,andusterwards
1499 4877 1591 4926 erased

576 4955 645 5021 ἐκ]
665 4955 785 5018 Supplied
797 4955 863 5004 from
871 4955 912 5006 W.
923 4955 953 5004 B.
966 4955 995 5006 C.
1124 4955 1279 5022 ⁵infirmori]
1297 4955 1435 5016 imiinnari,
1448 4955 1504 5005 MS.

374 3865 499 3929 cooeyor
541 3814 626 3880 ‘fiius
658 3813 710 3878 sui
739 3813 799 3877 vix
833 3811 970 3900 elapsus,
995 3816 1092 3878 nocte
1122 3813 1275 3898 sequenti
1305 3813 1396 3900 apud
1427 3812 1616 3879 abbatiam,
1641 3803 1680 3837 ¹¹·
1731 3797 1755 3842 f.
