<?xml version="1.0" encoding="UTF-8"?>
<!DOCTYPE html PUBLIC "-//W3C//DTD XHTML 1.0 Transitional//EN"
    "http://www.w3.org/TR/xhtml1/DTD/xhtml1-transitional.dtd">
<html xmlns="http://www.w3.org/1999/xhtml" xml:lang="en" lang="en">
 <head>
  <title>
</title>
<meta http-equiv="Content-Type" content="text/html;charset=utf-8" />
  <meta name='ocr-system' content='tesseract 3.04.00' />
  <meta name='ocr-capabilities' content='ocr_page ocr_carea ocr_par ocr_line ocrx_word'/>
</head>
<body>
  <div class='ocr_page' id='page_1' title='image "./matthiparisiens04parigoog_0192.png"; bbox 0 0 4242 6159; ppageno 0'>
   <div class='ocr_carea' id='block_1_1' title="bbox 646 1021 1583 1093">
    <p class='ocr_par' dir='ltr' id='par_1_1' title="bbox 646 1021 1583 1093">
     <span class='ocr_line' id='line_1_1' title="bbox 646 1021 1583 1093; baseline 0.002 -5"><span class='ocrx_word' id='word_1_1' title='bbox 646 1021 711 1093; x_wconf 81' lang='grc'>176</span> <span class='ocrx_word' id='word_1_2' title='bbox 768 1037 934 1088; x_wconf 67' lang='grc' dir='ltr'><strong>ΜΔΤΤΗΕῙ</strong></span> <span class='ocrx_word' id='word_1_3' title='bbox 957 1035 1172 1088; x_wconf 76' lang='grc' dir='ltr'><strong>ΡΑΒῙΕΙΕΝ818</strong></span> <span class='ocrx_word' id='word_1_4' title='bbox 1195 1037 1362 1089; x_wconf 76' lang='lat' dir='ltr'>HISTORIA</span> <span class='ocrx_word' id='word_1_5' title='bbox 1383 1035 1583 1092; x_wconf 70' lang='lat' dir='ltr'>memnon.</span> 
     </span>
    </p>
   </div>
   <div class='ocr_carea' id='block_1_2' title="bbox 478 1211 1719 1798">
    <p class='ocr_par' dir='ltr' id='par_1_2' title="bbox 478 1211 1719 1719">
     <span class='ocr_line' id='line_1_2' title="bbox 478 1211 1701 1299; baseline 0.003 -21"><span class='ocrx_word' id='word_1_6' title='bbox 478 1212 784 1280; x_wconf 81' lang='lat' dir='ltr'>A.D.1ere.eetoriee</span> <span class='ocrx_word' id='word_1_7' title='bbox 814 1211 948 1278; x_wconf 84' lang='lat' dir='ltr'>literee¹</span> <span class='ocrx_word' id='word_1_8' title='bbox 973 1213 1130 1299; x_wconf 82' lang='lat' dir='ltr'>porrexit,</span> <span class='ocrx_word' id='word_1_9' title='bbox 1152 1233 1195 1277; x_wconf 89' lang='lat' dir='ltr'>ne</span> <span class='ocrx_word' id='word_1_10' title='bbox 1226 1213 1433 1299; x_wconf 82' lang='lat' dir='ltr'>permitteret</span> <span class='ocrx_word' id='word_1_11' title='bbox 1466 1213 1573 1280; x_wconf 90' lang='lat' dir='ltr'>filium</span> <span class='ocrx_word' id='word_1_12' title='bbox 1602 1237 1701 1282; x_wconf 80' lang='lat' dir='ltr'>suum</span> 
     </span>
     <span class='ocr_line' id='line_1_3' title="bbox 644 1313 1699 1406; baseline 0.003 -25"><span class='ocrx_word' id='word_1_13' title='bbox 644 1314 856 1382; x_wconf 75' lang='lat' dir='ltr'>lodowicum</span> <span class='ocrx_word' id='word_1_14' title='bbox 879 1313 1035 1402; x_wconf 80' lang='lat' dir='ltr'>Angliem</span> <span class='ocrx_word' id='word_1_15' title='bbox 1057 1314 1224 1381; x_wconf 72' lang='lat' dir='ltr'>hostiliter</span> <span class='ocrx_word' id='word_1_16' title='bbox 1244 1315 1346 1397; x_wconf 85' lang='lat' dir='ltr'>edire,</span> <span class='ocrx_word' id='word_1_17' title='bbox 1367 1317 1424 1382; x_wconf 84' lang='lat' dir='ltr'>vel</span> <span class='ocrx_word' id='word_1_18' title='bbox 1444 1337 1555 1404; x_wconf 85' lang='lat' dir='ltr'>regem</span> <span class='ocrx_word' id='word_1_19' title='bbox 1574 1319 1699 1406; x_wconf 84' lang='lat' dir='ltr'>Anglo·</span> 
     </span>
     <span class='ocr_line' id='line_1_4' title="bbox 643 1417 1698 1506; baseline 0.004 -22"><span class='ocrx_word' id='word_1_20' title='bbox 643 1441 717 1484; x_wconf 91' lang='lat' dir='ltr'>rum</span> <span class='ocrx_word' id='word_1_21' title='bbox 739 1420 925 1506; x_wconf 80' lang='lat' dir='ltr'>iuquietare</span> <span class='ocrx_word' id='word_1_22' title='bbox 947 1420 983 1483; x_wconf 89' lang='lat' dir='ltr'>in</span> <span class='ocrx_word' id='word_1_23' title='bbox 1006 1417 1128 1505; x_wconf 78' lang='lat' dir='ltr'>aliquo,</span> <span class='ocrx_word' id='word_1_24' title='bbox 1151 1418 1209 1484; x_wconf 82' lang='lat' dir='ltr'>sed</span> <span class='ocrx_word' id='word_1_25' title='bbox 1230 1418 1339 1506; x_wconf 83' lang='lat' dir='ltr'>ipsum</span> <span class='ocrx_word' id='word_1_26' title='bbox 1362 1427 1402 1485; x_wconf 90' lang='lat' dir='ltr'>ut</span> <span class='ocrx_word' id='word_1_27' title='bbox 1417 1419 1576 1488; x_wconf 83' lang='lat' dir='ltr'>Romenae</span> <span class='ocrx_word' id='word_1_28' title='bbox 1597 1423 1698 1488; x_wconf 84' lang='lat' dir='ltr'>eoele-</span> 
     </span>
     <span class='ocr_line' id='line_1_5' title="bbox 643 1521 1719 1611; baseline 0.005 -23"><span class='ocrx_word' id='word_1_29' title='bbox 643 1522 701 1588; x_wconf 87' lang='lat' dir='ltr'>eiee</span> <span class='ocrx_word' id='word_1_30' title='bbox 717 1521 916 1588; x_wconf 75' lang='lat' dir='ltr'>veeoullum²</span> <span class='ocrx_word' id='word_1_31' title='bbox 938 1526 1134 1609; x_wconf 83' lang='lat' dir='ltr'>protegeret,</span> <span class='ocrx_word' id='word_1_32' title='bbox 1150 1521 1340 1588; x_wconf 86' lang='lat' dir='ltr'>defenderet</span> <span class='ocrx_word' id='word_1_33' title='bbox 1362 1528 1397 1588; x_wconf 86' lang='lat' dir='ltr'>et</span> <span class='ocrx_word' id='word_1_34' title='bbox 1419 1523 1583 1611; x_wconf 80' lang='lat' dir='ltr'>diligeret,</span> <span class='ocrx_word' id='word_1_35' title='bbox 1604 1526 1719 1610; x_wconf 87' lang='lat' dir='ltr'>eujus.</span> 
     </span>
     <span class='ocr_line' id='line_1_6' title="bbox 644 1623 1698 1719; baseline 0.007 -29"><span class='ocrx_word' id='word_1_36' title='bbox 644 1647 782 1712; x_wconf 80' lang='lat' dir='ltr'>regnum</span> <span class='ocrx_word' id='word_1_37' title='bbox 815 1626 858 1691; x_wconf 85' lang='lat' dir='ltr'>ed</span> <span class='ocrx_word' id='word_1_38' title='bbox 890 1625 1074 1692; x_wconf 76' lang='lat' dir='ltr'><strong>Romanam</strong></span> <span class='ocrx_word' id='word_1_39' title='bbox 1097 1623 1266 1691; x_wconf 81' lang='lat' dir='ltr'>eoeleeiom</span> <span class='ocrx_word' id='word_1_40' title='bbox 1299 1626 1428 1692; x_wconf 81' lang='lat' dir='ltr'>ratione</span> <span class='ocrx_word' id='word_1_41' title='bbox 1456 1627 1595 1694; x_wconf 87' lang='lat' dir='ltr'>dominii</span> <span class='ocrx_word' id='word_1_42' title='bbox 1624 1651 1698 1719; x_wconf 87' lang='lat' dir='ltr'>per·</span> 
     </span>
    </p>

    <p class='ocr_par' dir='ltr' id='par_1_3' title="bbox 522 1728 779 1798">
     <span class='ocr_line' id='line_1_7' title="bbox 522 1728 779 1798; baseline -0.008 -1"><span class='ocrx_word' id='word_1_43' title='bbox 522 1775 525 1797; x_wconf 79' lang='grc'>,</span> <span class='ocrx_word' id='word_1_44' title='bbox 644 1728 779 1798; x_wconf 83' lang='lat' dir='ltr'>tinebet.</span> 
     </span>
    </p>
   </div>
   <div class='ocr_carea' id='block_1_3' title="bbox 831 1993 1506 2082">
    <p class='ocr_par' dir='ltr' id='par_1_4' title="bbox 831 1993 1506 2082">
     <span class='ocr_line' id='line_1_8' title="bbox 831 1993 1506 2082; baseline 0 -20"><span class='ocrx_word' id='word_1_45' title='bbox 831 1993 922 2062; x_wconf 85' lang='lat' dir='ltr'>Noto</span> <span class='ocrx_word' id='word_1_46' title='bbox 945 2014 1148 2082; x_wconf 75' lang='lat' dir='ltr'>reepoueruu</span> <span class='ocrx_word' id='word_1_47' title='bbox 1169 1993 1260 2080; x_wconf 73' lang='lat' dir='ltr'>reple</span> <span class='ocrx_word' id='word_1_48' title='bbox 1281 1993 1506 2062; x_wconf 65' lang='lat' dir='ltr'>Francorum.</span> 
     </span>
    </p>
   </div>
   <div class='ocr_carea' id='block_1_4' title="bbox 474 2143 1876 3161">
    <p class='ocr_par' dir='ltr' id='par_1_5' title="bbox 474 2143 1876 3161">
     <span class='ocr_line' id='line_1_9' title="bbox 474 2143 1876 2234; baseline 0.002 -25"><span class='ocrx_word' id='word_1_49' title='bbox 474 2159 598 2226; x_wconf 77' lang='lat' dir='ltr'>Replyos</span> <span class='ocrx_word' id='word_1_50' title='bbox 688 2143 760 2208; x_wconf 85' lang='lat' dir='ltr'>Rex</span> <span class='ocrx_word' id='word_1_51' title='bbox 782 2149 895 2208; x_wconf 83' lang='lat' dir='ltr'>eutem</span> <span class='ocrx_word' id='word_1_52' title='bbox 912 2143 1112 2209; x_wconf 76' lang='lat' dir='ltr'>Francorum</span> <span class='ocrx_word' id='word_1_53' title='bbox 1135 2143 1357 2211; x_wconf 83' lang='lat' dir='ltr'>incontinenti</span> <span class='ocrx_word' id='word_1_54' title='bbox 1379 2146 1557 2232; x_wconf 71' lang='lat' dir='ltr'>rospondit,</span> <span class='ocrx_word' id='word_1_55' title='bbox 1581 2147 1695 2234; x_wconf 82' lang='lat' dir='ltr'>“Reg-</span> <span class='ocrx_word' id='word_1_56' title='bbox 1708 2162 1876 2231; x_wconf 63' lang='lat' dir='ltr'>Rogwene</span> 
     </span>
     <span class='ocr_line' id='line_1_10' title="bbox 474 2227 1861 2359; baseline 0.004 -49"><span class='ocrx_word' id='word_1_57' title='bbox 474 2227 617 2359; x_wconf 41' lang='lat' dir='ltr'>fflflffle·</span> <span class='ocrx_word' id='word_1_58' title='bbox 639 2267 721 2312; x_wconf 88' lang='lat' dir='ltr'>num</span> <span class='ocrx_word' id='word_1_59' title='bbox 744 2245 876 2332; x_wconf 83' lang='lat' dir='ltr'>Angliae</span> <span class='ocrx_word' id='word_1_60' title='bbox 908 2246 1146 2334; x_wconf 80' lang='lat' dir='ltr'>patrimonium</span> <span class='ocrx_word' id='word_1_61' title='bbox 1168 2246 1282 2312; x_wconf 78' lang='lat' dir='ltr'>beeti³</span> <span class='ocrx_word' id='word_1_62' title='bbox 1304 2247 1395 2314; x_wconf 89' lang='lat' dir='ltr'>Petri</span> <span class='ocrx_word' id='word_1_63' title='bbox 1426 2270 1598 2336; x_wconf 79' lang='lat' dir='ltr'>nunquam</span> <span class='ocrx_word' id='word_1_64' title='bbox 1620 2249 1703 2334; x_wconf 74' lang='lat' dir='ltr'>urit,</span> <span class='ocrx_word' id='word_1_65' title='bbox 1726 2232 1777 2285; x_wconf 49' lang='lat'>&#39;³³2</span> <span class='ocrx_word' id='word_1_66' title='bbox 1794 2239 1861 2287; x_wconf 74' lang='lat'>³⁶⁴·</span> 
     </span>
     <span class='ocr_line' id='line_1_11' title="bbox 640 2348 1704 2438; baseline 0.005 -24"><span class='ocrx_word' id='word_1_67' title='bbox 640 2370 700 2415; x_wconf 87' lang='lat' dir='ltr'>nee</span> <span class='ocrx_word' id='word_1_68' title='bbox 722 2357 782 2430; x_wconf 87' lang='lat' dir='ltr'>est,</span> <span class='ocrx_word' id='word_1_69' title='bbox 804 2370 863 2414; x_wconf 90' lang='lat' dir='ltr'>neo</span> <span class='ocrx_word' id='word_1_70' title='bbox 886 2349 957 2415; x_wconf 88' lang='lat' dir='ltr'>erit.</span> <span class='ocrx_word' id='word_1_71' title='bbox 1003 2348 1126 2414; x_wconf 83' lang='lat' dir='ltr'>Nullus</span> <span class='ocrx_word' id='word_1_72' title='bbox 1149 2371 1209 2415; x_wconf 86' lang='lat' dir='ltr'>rex</span> <span class='ocrx_word' id='word_1_73' title='bbox 1231 2351 1285 2415; x_wconf 88' lang='lat' dir='ltr'>vel</span> <span class='ocrx_word' id='word_1_74' title='bbox 1307 2351 1459 2438; x_wconf 81' lang='lat' dir='ltr'>princeps</span> <span class='ocrx_word' id='word_1_75' title='bbox 1484 2356 1594 2438; x_wconf 81' lang='lat' dir='ltr'>potest</span> <span class='ocrx_word' id='word_1_76' title='bbox 1616 2352 1704 2429; x_wconf 80' lang='lat' dir='ltr'>dure¹</span> 
     </span>
     <span class='ocr_line' id='line_1_12' title="bbox 639 2452 1715 2540; baseline 0 -23"><span class='ocrx_word' id='word_1_77' title='bbox 639 2475 786 2538; x_wconf 85' lang='lat' dir='ltr'>regnum,</span> <span class='ocrx_word' id='word_1_78' title='bbox 821 2452 909 2539; x_wconf 89' lang='lat' dir='ltr'>quod</span> <span class='ocrx_word' id='word_1_79' title='bbox 943 2458 994 2518; x_wconf 84' lang='lat' dir='ltr'>eet</span> <span class='ocrx_word' id='word_1_80' title='bbox 1028 2453 1219 2540; x_wconf 83' lang='lat' dir='ltr'>respublieo,</span> <span class='ocrx_word' id='word_1_81' title='bbox 1253 2454 1325 2519; x_wconf 85' lang='lat' dir='ltr'>eine</span> <span class='ocrx_word' id='word_1_82' title='bbox 1363 2475 1495 2520; x_wconf 83' lang='lat' dir='ltr'>eeeeneu</span> <span class='ocrx_word' id='word_1_83' title='bbox 1532 2455 1715 2522; x_wconf 79' lang='lat' dir='ltr'>baronum.</span> 
     </span>
     <span class='ocr_line' id='line_1_13' title="bbox 639 2557 1695 2647; baseline 0.002 -25"><span class='ocrx_word' id='word_1_84' title='bbox 639 2579 780 2634; x_wconf 77' lang='lat' dir='ltr'>suorum,</span> <span class='ocrx_word' id='word_1_85' title='bbox 803 2557 862 2643; x_wconf 91' lang='lat' dir='ltr'>qui</span> <span class='ocrx_word' id='word_1_86' title='bbox 883 2577 1023 2643; x_wconf 86' lang='lat' dir='ltr'>regnum</span> <span class='ocrx_word' id='word_1_87' title='bbox 1046 2560 1203 2622; x_wconf 87' lang='lat' dir='ltr'>tenentur</span> <span class='ocrx_word' id='word_1_88' title='bbox 1233 2557 1417 2623; x_wconf 81' lang='lat' dir='ltr'>defendere.</span> <span class='ocrx_word' id='word_1_89' title='bbox 1474 2558 1520 2623; x_wconf 88' lang='lat' dir='ltr'>Et</span> <span class='ocrx_word' id='word_1_90' title='bbox 1549 2561 1579 2624; x_wconf 85' lang='lat' dir='ltr'>si</span> <span class='ocrx_word' id='word_1_91' title='bbox 1608 2581 1695 2647; x_wconf 85' lang='lat' dir='ltr'>pape</span> 
     </span>
     <span class='ocr_line' id='line_1_14' title="bbox 640 2660 1694 2748; baseline 0.003 -23"><span class='ocrx_word' id='word_1_92' title='bbox 640 2661 728 2726; x_wconf 88' lang='lat' dir='ltr'>huno</span> <span class='ocrx_word' id='word_1_93' title='bbox 749 2681 891 2725; x_wconf 87' lang='lat' dir='ltr'>errorem</span> <span class='ocrx_word' id='word_1_94' title='bbox 914 2660 1000 2726; x_wconf 86' lang='lat' dir='ltr'>tueri</span> <span class='ocrx_word' id='word_1_95' title='bbox 1022 2661 1214 2739; x_wconf 85' lang='lat' dir='ltr'>decreverit,</span> <span class='ocrx_word' id='word_1_96' title='bbox 1237 2661 1457 2748; x_wconf 84' lang='lat' dir='ltr'>perniciosum</span> <span class='ocrx_word' id='word_1_97' title='bbox 1483 2661 1615 2748; x_wconf 80' lang='lat' dir='ltr'>regibus</span> <span class='ocrx_word' id='word_1_98' title='bbox 1637 2663 1694 2728; x_wconf 67' lang='lat' dir='ltr'>et‘</span> 
     </span>
     <span class='ocr_line' id='line_1_15' title="bbox 640 2762 1714 2852; baseline -0.001 -21"><span class='ocrx_word' id='word_1_99' title='bbox 640 2764 749 2852; x_wconf 84' lang='lat' dir='ltr'>reguis</span> <span class='ocrx_word' id='word_1_100' title='bbox 771 2763 921 2829; x_wconf 86' lang='lat' dir='ltr'>omnibus</span> <span class='ocrx_word' id='word_1_101' title='bbox 943 2764 1131 2851; x_wconf 84' lang='lat' dir='ltr'>exemplum</span> <span class='ocrx_word' id='word_1_102' title='bbox 1153 2762 1347 2849; x_wconf 84' lang='lat' dir='ltr'>perhibebit.</span> <span class='ocrx_word' id='word_1_103' title='bbox 1392 2764 1471 2830; x_wconf 91' lang='lat' dir='ltr'>Non</span> <span class='ocrx_word' id='word_1_104' title='bbox 1493 2763 1604 2852; x_wconf 81' lang='lat' dir='ltr'>diligo,</span> <span class='ocrx_word' id='word_1_105' title='bbox 1624 2786 1714 2830; x_wconf 85' lang='lat' dir='ltr'>non.</span> 
     </span>
     <span class='ocr_line' id='line_1_16' title="bbox 639 2865 1713 2956; baseline -0.003 -22"><span class='ocrx_word' id='word_1_106' title='bbox 639 2866 784 2956; x_wconf 78' lang='lat' dir='ltr'>approbo</span> <span class='ocrx_word' id='word_1_107' title='bbox 818 2866 927 2955; x_wconf 86' lang='lat' dir='ltr'>ipsum</span> <span class='ocrx_word' id='word_1_108' title='bbox 961 2887 1071 2954; x_wconf 85' lang='lat' dir='ltr'>regem</span> <span class='ocrx_word' id='word_1_109' title='bbox 1105 2866 1291 2954; x_wconf 79' lang='lat' dir='ltr'>Anglorum</span> <span class='ocrx_word' id='word_1_110' title='bbox 1318 2865 1341 2932; x_wconf 83' lang='lat' dir='ltr'>J</span> <span class='ocrx_word' id='word_1_111' title='bbox 1345 2865 1548 2954; x_wconf 85' lang='lat' dir='ltr'>[ohannem],</span> <span class='ocrx_word' id='word_1_112' title='bbox 1581 2889 1713 2933; x_wconf 89' lang='lat' dir='ltr'>meum.</span> 
     </span>
     <span class='ocr_line' id='line_1_17' title="bbox 639 2968 1714 3057; baseline -0.004 -19"><span class='ocrx_word' id='word_1_113' title='bbox 639 2969 888 3047; x_wconf 76' lang='lat' dir='ltr'>udvereurium,⁵</span> <span class='ocrx_word' id='word_1_114' title='bbox 911 2975 1024 3034; x_wconf 85' lang='lat' dir='ltr'>temen</span> <span class='ocrx_word' id='word_1_115' title='bbox 1056 2968 1150 3035; x_wconf 87' lang='lat' dir='ltr'>doleo</span> <span class='ocrx_word' id='word_1_116' title='bbox 1182 2968 1222 3036; x_wconf 92' lang='lat' dir='ltr'>de</span> <span class='ocrx_word' id='word_1_117' title='bbox 1254 2970 1349 3057; x_wconf 81' lang='lat' dir='ltr'>regni</span> <span class='ocrx_word' id='word_1_118' title='bbox 1371 2969 1441 3055; x_wconf 81' lang='lat' dir='ltr'>ejus</span> <span class='ocrx_word' id='word_1_119' title='bbox 1471 2969 1714 3050; x_wconf 67' lang='lat' dir='ltr'>anthenore„</span> 
     </span>
     <span class='ocr_line' id='line_1_18' title="bbox 639 3070 1713 3161; baseline -0.005 -20"><span class='ocrx_word' id='word_1_120' title='bbox 639 3074 737 3141; x_wconf 75' lang='lat' dir='ltr'>oum⁰</span> <span class='ocrx_word' id='word_1_121' title='bbox 759 3075 911 3161; x_wconf 82' lang='lat' dir='ltr'>princeps</span> <span class='ocrx_word' id='word_1_122' title='bbox 933 3071 1179 3159; x_wconf 81' lang='lat' dir='ltr'>provinciarum</span> <span class='ocrx_word' id='word_1_123' title='bbox 1210 3072 1272 3138; x_wconf 86' lang='lat' dir='ltr'>fiet</span> <span class='ocrx_word' id='word_1_124' title='bbox 1303 3071 1365 3138; x_wconf 85' lang='lat' dir='ltr'>sub</span> <span class='ocrx_word' id='word_1_125' title='bbox 1397 3070 1549 3139; x_wconf 75' lang='lat' dir='ltr'>tributo.⁷</span> <span class='ocrx_word' id='word_1_126' title='bbox 1594 3073 1672 3140; x_wconf 90' lang='lat' dir='ltr'>Heu</span> <span class='ocrx_word' id='word_1_127' title='bbox 1686 3079 1713 3138; x_wconf 77' lang='lat' dir='ltr'>l.</span> 
     </span>
    </p>
   </div>
   <div class='ocr_carea' id='block_1_5' title="bbox 471 3176 1714 3780">
    <p class='ocr_par' dir='ltr' id='par_1_6' title="bbox 471 3176 1714 3780">
     <span class='ocr_line' id='line_1_19' title="bbox 639 3176 1713 3266; baseline -0.004 -20"><span class='ocrx_word' id='word_1_128' title='bbox 639 3184 801 3266; x_wconf 73' lang='lat' dir='ltr'>quantum</span> <span class='ocrx_word' id='word_1_129' title='bbox 824 3177 1044 3244; x_wconf 83' lang='lat' dir='ltr'>deterioretur</span> <span class='ocrx_word' id='word_1_130' title='bbox 1059 3176 1209 3242; x_wconf 91' lang='lat' dir='ltr'>omnium</span> <span class='ocrx_word' id='word_1_131' title='bbox 1231 3197 1346 3262; x_wconf 80' lang='lat' dir='ltr'>regum</span> <span class='ocrx_word' id='word_1_132' title='bbox 1369 3197 1427 3264; x_wconf 88' lang='lat' dir='ltr'>per</span> <span class='ocrx_word' id='word_1_133' title='bbox 1449 3197 1526 3241; x_wconf 90' lang='lat' dir='ltr'>eum</span> <span class='ocrx_word' id='word_1_134' title='bbox 1540 3176 1713 3242; x_wconf 86' lang='lat' dir='ltr'>eonditio..</span> 
     </span>
     <span class='ocr_line' id='line_1_20' title="bbox 640 3279 1714 3368; baseline -0.001 -21"><span class='ocrx_word' id='word_1_135' title='bbox 640 3281 695 3349; x_wconf 83' lang='lat' dir='ltr'>Ite</span> <span class='ocrx_word' id='word_1_136' title='bbox 717 3281 805 3347; x_wconf 90' lang='lat' dir='ltr'>enim</span> <span class='ocrx_word' id='word_1_137' title='bbox 827 3280 958 3368; x_wconf 87' lang='lat' dir='ltr'>poterit,</span> <span class='ocrx_word' id='word_1_138' title='bbox 980 3300 1134 3366; x_wconf 84' lang='lat' dir='ltr'>prooeeeu</span> <span class='ocrx_word' id='word_1_139' title='bbox 1164 3279 1331 3366; x_wconf 86' lang='lat' dir='ltr'>temporie,</span> <span class='ocrx_word' id='word_1_140' title='bbox 1353 3300 1412 3366; x_wconf 94' lang='lat' dir='ltr'>per</span> <span class='ocrx_word' id='word_1_141' title='bbox 1442 3279 1587 3366; x_wconf 75' lang='lat' dir='ltr'>aliquem</span> <span class='ocrx_word' id='word_1_142' title='bbox 1608 3280 1714 3346; x_wconf 72' lang='lat' dir='ltr'>desi.</span> 
     </span>
     <span class='ocr_line' id='line_1_21' title="bbox 638 3381 1714 3451; baseline -0.003 0"><span class='ocrx_word' id='word_1_143' title='bbox 638 3387 714 3451; x_wconf 91' lang='lat' dir='ltr'>dem</span> <span class='ocrx_word' id='word_1_144' title='bbox 739 3383 893 3450; x_wconf 88' lang='lat' dir='ltr'>heredem</span> <span class='ocrx_word' id='word_1_145' title='bbox 924 3403 1034 3448; x_wconf 90' lang='lat' dir='ltr'>meum</span> <span class='ocrx_word' id='word_1_146' title='bbox 1061 3382 1135 3448; x_wconf 84' lang='lat' dir='ltr'>fieri</span> <span class='ocrx_word' id='word_1_147' title='bbox 1162 3382 1204 3449; x_wconf 90' lang='lat' dir='ltr'>de</span> <span class='ocrx_word' id='word_1_148' title='bbox 1235 3382 1421 3449; x_wconf 78' lang='lat' dir='ltr'>Frenoiol&#39;&#39;</span> <span class='ocrx_word' id='word_1_149' title='bbox 1478 3381 1524 3448; x_wconf 89' lang='lat' dir='ltr'>Et</span> <span class='ocrx_word' id='word_1_150' title='bbox 1553 3381 1714 3449; x_wconf 80' lang='lat' dir='ltr'>tendens.</span> 
     </span>
     <span class='ocr_line' id='line_1_22' title="bbox 638 3483 1714 3571; baseline -0.004 -18"><span class='ocrx_word' id='word_1_151' title='bbox 638 3509 755 3553; x_wconf 86' lang='lat' dir='ltr'>menne</span> <span class='ocrx_word' id='word_1_152' title='bbox 784 3483 844 3551; x_wconf 76' lang='lat' dir='ltr'>inl</span> <span class='ocrx_word' id='word_1_153' title='bbox 874 3485 1003 3565; x_wconf 88' lang='lat' dir='ltr'>eoelum,</span> <span class='ocrx_word' id='word_1_154' title='bbox 1026 3484 1169 3561; x_wconf 83' lang='lat' dir='ltr'>eddidit,</span> <span class='ocrx_word' id='word_1_155' title='bbox 1201 3483 1329 3565; x_wconf 81' lang='lat' dir='ltr'>“Quod</span> <span class='ocrx_word' id='word_1_156' title='bbox 1351 3485 1451 3564; x_wconf 85' lang='lat' dir='ltr'>Deus,</span> <span class='ocrx_word' id='word_1_157' title='bbox 1475 3485 1564 3571; x_wconf 91' lang='lat' dir='ltr'>quod</span> <span class='ocrx_word' id='word_1_158' title='bbox 1590 3484 1714 3564; x_wconf 67' lang='lat' dir='ltr'>Deue„</span> 
     </span>
     <span class='ocr_line' id='line_1_23' title="bbox 637 3586 1714 3676; baseline 0 -20"><span class='ocrx_word' id='word_1_159' title='bbox 637 3590 726 3676; x_wconf 91' lang='lat' dir='ltr'>quod</span> <span class='ocrx_word' id='word_1_160' title='bbox 749 3589 840 3655; x_wconf 82' lang='lat' dir='ltr'>Deus</span> <span class='ocrx_word' id='word_1_161' title='bbox 863 3591 993 3655; x_wconf 82' lang='lat' dir='ltr'>evertet</span> <span class='ocrx_word' id='word_1_162' title='bbox 1008 3586 1041 3653; x_wconf 89' lang='lat'>!&#39;&#39;</span> <span class='ocrx_word' id='word_1_163' title='bbox 1086 3587 1133 3653; x_wconf 82' lang='lat' dir='ltr'>Et</span> <span class='ocrx_word' id='word_1_164' title='bbox 1155 3593 1335 3674; x_wconf 90' lang='lat' dir='ltr'>eruperunt</span> <span class='ocrx_word' id='word_1_165' title='bbox 1356 3586 1501 3654; x_wconf 77' lang='lat' dir='ltr'>leerimre</span> <span class='ocrx_word' id='word_1_166' title='bbox 1523 3587 1566 3656; x_wconf 88' lang='lat' dir='ltr'>eb</span> <span class='ocrx_word' id='word_1_167' title='bbox 1589 3587 1714 3656; x_wconf 77' lang='lat' dir='ltr'>oculis.</span> 
     </span>
     <span class='ocr_line' id='line_1_24' title="bbox 471 3691 1692 3780; baseline 0.002 -26"><span class='ocrx_word' id='word_1_168' title='bbox 471 3704 527 3755; x_wconf 78' lang='lat' dir='ltr'>The</span> <span class='ocrx_word' id='word_1_169' title='bbox 637 3694 715 3780; x_wconf 82' lang='lat' dir='ltr'>ejus.</span> <span class='ocrx_word' id='word_1_170' title='bbox 772 3692 865 3757; x_wconf 86' lang='lat' dir='ltr'>Tune</span> <span class='ocrx_word' id='word_1_171' title='bbox 902 3713 1032 3779; x_wconf 90' lang='lat' dir='ltr'>qnoque</span> <span class='ocrx_word' id='word_1_172' title='bbox 1065 3711 1179 3756; x_wconf 79' lang='lat' dir='ltr'>omues</span> <span class='ocrx_word' id='word_1_173' title='bbox 1215 3691 1488 3758; x_wconf 75' lang='lat' dir='ltr'>circumsedentes</span> <span class='ocrx_word' id='word_1_174' title='bbox 1520 3697 1692 3778; x_wconf 76' lang='lat' dir='ltr'>magnetes</span> 
     </span>
    </p>
   </div>
   <div class='ocr_carea' id='block_1_6' title="bbox 470 3769 571 3890">
    <p class='ocr_par' dir='ltr' id='par_1_7' title="bbox 470 3769 571 3890">
     <span class='ocr_line' id='line_1_25' title="bbox 470 3769 571 3823; baseline -0.02 0"><span class='ocrx_word' id='word_1_175' title='bbox 470 3769 571 3823; x_wconf 75' lang='lat' dir='ltr'>Freueh</span> 
     </span>
     <span class='ocr_line' id='line_1_26' title="bbox 471 3838 558 3890; baseline -0.011 -2"><span class='ocrx_word' id='word_1_176' title='bbox 471 3838 558 3890; x_wconf 72' lang='lat' dir='ltr'>noble·</span> 
     </span>
    </p>
   </div>
   <div class='ocr_carea' id='block_1_7' title="bbox 472 3896 1714 3985">
    <p class='ocr_par' dir='ltr' id='par_1_8' title="bbox 472 3896 1714 3985">
     <span class='ocr_line' id='line_1_27' title="bbox 472 3896 1714 3985; baseline 0.008 -29"><span class='ocrx_word' id='word_1_177' title='bbox 472 3903 596 3970; x_wconf 78' lang='lat' dir='ltr'>solemnly</span> <span class='ocrx_word' id='word_1_178' title='bbox 638 3898 743 3965; x_wconf 89' lang='lat' dir='ltr'>“Per</span> <span class='ocrx_word' id='word_1_179' title='bbox 775 3897 952 3985; x_wconf 81' lang='lat' dir='ltr'>pretiosum</span> <span class='ocrx_word' id='word_1_180' title='bbox 985 3903 1126 3963; x_wconf 89' lang='lat' dir='ltr'>mortem</span> <span class='ocrx_word' id='word_1_181' title='bbox 1149 3896 1317 3974; x_wconf 82' lang='lat' dir='ltr'>Crucifixi,</span> <span class='ocrx_word' id='word_1_182' title='bbox 1339 3897 1377 3962; x_wconf 87' lang='lat' dir='ltr'>in</span> <span class='ocrx_word' id='word_1_183' title='bbox 1399 3919 1497 3984; x_wconf 88' lang='lat' dir='ltr'>quem</span> <span class='ocrx_word' id='word_1_184' title='bbox 1520 3897 1714 3974; x_wconf 72' lang='lat' dir='ltr'>credimus„</span> 
     </span>
    </p>
   </div>
   <div class='ocr_carea' id='block_1_8' title="bbox 471 3972 1713 4091">
    <p class='ocr_par' dir='ltr' id='par_1_9' title="bbox 471 3972 1713 4091">
     <span class='ocr_line' id='line_1_28' title="bbox 471 3972 1713 4091; baseline -0.014 -13"><span class='ocrx_word' id='word_1_185' title='bbox 471 3972 579 4091; x_wconf 40' lang='grc' dir='ltr'>ἓξὲξ</span> <span class='ocrx_word' id='word_1_186' title='bbox 637 4001 793 4090; x_wconf 89' lang='lat' dir='ltr'>quicquid</span> <span class='ocrx_word' id='word_1_187' title='bbox 815 3999 928 4067; x_wconf 81' lang='lat' dir='ltr'>feeerit</span> <span class='ocrx_word' id='word_1_188' title='bbox 950 3999 1007 4066; x_wconf 92' lang='lat' dir='ltr'>ille</span> <span class='ocrx_word' id='word_1_189' title='bbox 1029 3999 1053 4064; x_wconf 88' lang='lat' dir='ltr'><strong>J</strong></span> <span class='ocrx_word' id='word_1_190' title='bbox 1056 3999 1241 4088; x_wconf 82' lang='lat' dir='ltr'>[ehennee],</span> <span class='ocrx_word' id='word_1_191' title='bbox 1263 4021 1322 4066; x_wconf 84' lang='lat' dir='ltr'>rex</span> <span class='ocrx_word' id='word_1_192' title='bbox 1346 4000 1487 4088; x_wconf 85' lang='lat' dir='ltr'>Angliae,</span> <span class='ocrx_word' id='word_1_193' title='bbox 1509 4001 1550 4066; x_wconf 91' lang='lat' dir='ltr'>de</span> <span class='ocrx_word' id='word_1_194' title='bbox 1573 3999 1713 4070; x_wconf 81' lang='lat' dir='ltr'>stetu⁹,</span> 
     </span>
    </p>
   </div>
   <div class='ocr_carea' id='block_1_9' title="bbox 471 4107 652 4184">
    <p class='ocr_par' dir='ltr' id='par_1_10' title="bbox 471 4107 771 4184">
     <span class='ocr_line' id='line_1_29' title="bbox 471 4107 652 4184; baseline 0.003 -28"><span class='ocrx_word' id='word_1_195' title='bbox 471 4107 603 4172; x_wconf 75' lang='lat' dir='ltr'>rovereign</span> <span class='ocrx_word' id='word_1_196' title='bbox 644 4175 652 4184; x_wconf 30' lang='grc' dir='ltr'>ι</span> 
     </span>
    </p>
   </div>
   <div class='ocr_carea' id='block_1_10' title="bbox 639 3793 1691 3882">
    <p class='ocr_par' dir='ltr' id='par_1_11' title="bbox 639 3793 1691 3882">
     <span class='ocr_line' id='line_1_30' title="bbox 639 3793 1691 3882; baseline -0.002 -22"><span class='ocrx_word' id='word_1_197' title='bbox 639 3795 787 3862; x_wconf 79' lang='lat' dir='ltr'>Freneire</span> <span class='ocrx_word' id='word_1_198' title='bbox 822 3794 917 3881; x_wconf 83' lang='lat' dir='ltr'>queei</span> <span class='ocrx_word' id='word_1_199' title='bbox 948 3816 1016 3861; x_wconf 93' lang='lat' dir='ltr'>uno</span> <span class='ocrx_word' id='word_1_200' title='bbox 1047 3814 1103 3860; x_wconf 86' lang='lat' dir='ltr'>ore</span> <span class='ocrx_word' id='word_1_201' title='bbox 1142 3793 1285 3860; x_wconf 77' lang='lat' dir='ltr'>clamere</span> <span class='ocrx_word' id='word_1_202' title='bbox 1316 3799 1499 3882; x_wconf 87' lang='lat' dir='ltr'>eoeperunt,</span> <span class='ocrx_word' id='word_1_203' title='bbox 1534 3793 1691 3875; x_wconf 75' lang='lat' dir='ltr'>dieentes,</span> 
     </span>
    </p>
   </div>
   <div class='ocr_carea' id='block_1_11' title="bbox 848 4173 1686 4181">
    <p class='ocr_par' dir='ltr' id='par_1_12' title="bbox 848 4173 1686 4181">
     <span class='ocr_line' id='line_1_31' title="bbox 848 4173 1686 4181; baseline 0 0"><span class='ocrx_word' id='word_1_204' title='bbox 848 4175 982 4181; x_wconf 61' lang='lat'>..-.......,...</span> <span class='ocrx_word' id='word_1_205' title='bbox 1009 4174 1085 4180; x_wconf 76' lang='grc'><strong><em>..-..-.</em></strong></span> <span class='ocrx_word' id='word_1_206' title='bbox 1150 4173 1263 4180; x_wconf 61' lang='grc'>--,.----</span> <span class='ocrx_word' id='word_1_207' title='bbox 1280 4173 1347 4180; x_wconf 55' lang='grc' dir='ltr'>-μ-</span> <span class='ocrx_word' id='word_1_208' title='bbox 1379 4174 1686 4181; x_wconf 41' lang='lat' dir='ltr'>..i-——-—---.—-.</span> 
     </span>
    </p>
   </div>
   <div class='ocr_carea' id='block_1_12' title="bbox 637 4285 1691 5072">
    <p class='ocr_par' dir='ltr' id='par_1_13' title="bbox 670 4285 1691 4673">
     <span class='ocr_line' id='line_1_32' title="bbox 672 4285 1691 4355; baseline 0 -17"><span class='ocrx_word' id='word_1_209' title='bbox 672 4287 955 4355; x_wconf 78' lang='lat' dir='ltr'>&#39;literar]1nterlined.</span> <span class='ocrx_word' id='word_1_210' title='bbox 1186 4287 1217 4337; x_wconf 75' lang='lat' dir='ltr'>of</span> <span class='ocrx_word' id='word_1_211' title='bbox 1236 4287 1280 4337; x_wconf 80' lang='lat' dir='ltr'>the</span> <span class='ocrx_word' id='word_1_212' title='bbox 1303 4287 1363 4338; x_wconf 67' lang='lat' dir='ltr'>leth</span> <span class='ocrx_word' id='word_1_213' title='bbox 1382 4294 1490 4354; x_wconf 81' lang='lat' dir='ltr'>oeutury</span> <span class='ocrx_word' id='word_1_214' title='bbox 1512 4287 1559 4338; x_wconf 77' lang='lat' dir='ltr'>her</span> <span class='ocrx_word' id='word_1_215' title='bbox 1579 4285 1691 4349; x_wconf 67' lang='lat' dir='ltr'>written,</span> 
     </span>
     <span class='ocr_line' id='line_1_33' title="bbox 671 4365 1691 4434; baseline -0.003 -14"><span class='ocrx_word' id='word_1_216' title='bbox 671 4367 834 4434; x_wconf 56' lang='lat' dir='ltr'>&#39;mnodum</span> <span class='ocrx_word' id='word_1_217' title='bbox 854 4367 987 4428; x_wconf 74' lang='lat' dir='ltr'>vernulum,</span> <span class='ocrx_word' id='word_1_218' title='bbox 1005 4365 1061 4418; x_wconf 82' lang='lat' dir='ltr'>MS.</span> <span class='ocrx_word' id='word_1_219' title='bbox 1185 4371 1202 4396; x_wconf 81' lang='lat'>‘⁴</span> <span class='ocrx_word' id='word_1_220' title='bbox 1212 4367 1289 4429; x_wconf 73' lang='lat' dir='ltr'>Note,</span> <span class='ocrx_word' id='word_1_221' title='bbox 1305 4366 1365 4432; x_wconf 89' lang='lat' dir='ltr'>quid</span> <span class='ocrx_word' id='word_1_222' title='bbox 1383 4381 1432 4417; x_wconf 77' lang='lat' dir='ltr'>rex</span> <span class='ocrx_word' id='word_1_223' title='bbox 1448 4367 1565 4418; x_wconf 70' lang='lat' dir='ltr'>herme</span> <span class='ocrx_word' id='word_1_224' title='bbox 1587 4381 1691 4432; x_wconf 69' lang='lat' dir='ltr'>rupen-</span> 
     </span>
     <span class='ocr_line' id='line_1_34' title="bbox 670 4445 1691 4515; baseline -0.002 -17"><span class='ocrx_word' id='word_1_225' title='bbox 670 4447 770 4515; x_wconf 63' lang='lat' dir='ltr'>*beatu</span> <span class='ocrx_word' id='word_1_226' title='bbox 790 4446 937 4498; x_wconf 83' lang='lat' dir='ltr'>Interlined</span> <span class='ocrx_word' id='word_1_227' title='bbox 1185 4446 1251 4496; x_wconf 83' lang='lat' dir='ltr'>derit</span> <span class='ocrx_word' id='word_1_228' title='bbox 1263 4446 1346 4512; x_wconf 70' lang='lat' dir='ltr'>legito</span> <span class='ocrx_word' id='word_1_229' title='bbox 1356 4461 1428 4511; x_wconf 74' lang='lat' dir='ltr'>pepe</span> <span class='ocrx_word' id='word_1_230' title='bbox 1439 4447 1471 4497; x_wconf 86' lang='lat' dir='ltr'>de</span> <span class='ocrx_word' id='word_1_231' title='bbox 1480 4445 1546 4497; x_wconf 77' lang='lat' dir='ltr'>hoto</span> <span class='ocrx_word' id='word_1_232' title='bbox 1553 4445 1691 4508; x_wconf 80' lang='lat' dir='ltr'>Johennir,</span> 
     </span>
     <span class='ocr_line' id='line_1_35' title="bbox 671 4524 1690 4594; baseline -0.001 -16"><span class='ocrx_word' id='word_1_233' title='bbox 671 4525 787 4594; x_wconf 72' lang='lat' dir='ltr'>*repitru</span> <span class='ocrx_word' id='word_1_234' title='bbox 803 4525 839 4592; x_wconf 80' lang='lat' dir='ltr'>et]</span> <span class='ocrx_word' id='word_1_235' title='bbox 859 4524 1005 4576; x_wconf 82' lang='lat' dir='ltr'>Interlined.</span> <span class='ocrx_word' id='word_1_236' title='bbox 1183 4524 1253 4592; x_wconf 73' lang='lat' dir='ltr'>regie</span> <span class='ocrx_word' id='word_1_237' title='bbox 1281 4525 1393 4591; x_wconf 71' lang='lat' dir='ltr'>hughe,</span> <span class='ocrx_word' id='word_1_238' title='bbox 1422 4526 1552 4576; x_wconf 80' lang='lat' dir='ltr'>rubdentie</span> <span class='ocrx_word' id='word_1_239' title='bbox 1581 4539 1690 4590; x_wconf 70' lang='lat' dir='ltr'>reguum</span> 
     </span>
     <span class='ocr_line' id='line_1_36' title="bbox 671 4603 1690 4673; baseline -0.001 -16"><span class='ocrx_word' id='word_1_240' title='bbox 671 4603 1075 4673; x_wconf 71' lang='lat' dir='ltr'>⁵Ar910rom...advemrum]</span> <span class='ocrx_word' id='word_1_241' title='bbox 1099 4604 1141 4656; x_wconf 88' lang='lat' dir='ltr'>On</span> <span class='ocrx_word' id='word_1_242' title='bbox 1185 4619 1258 4657; x_wconf 76' lang='lat' dir='ltr'>sunm</span> <span class='ocrx_word' id='word_1_243' title='bbox 1276 4605 1304 4655; x_wconf 89' lang='lat' dir='ltr'>in</span> <span class='ocrx_word' id='word_1_244' title='bbox 1322 4620 1413 4656; x_wconf 77' lang='lat' dir='ltr'>meum</span> <span class='ocrx_word' id='word_1_245' title='bbox 1431 4620 1511 4670; x_wconf 72' lang='lat' dir='ltr'>pepe,</span> <span class='ocrx_word' id='word_1_246' title='bbox 1533 4606 1626 4670; x_wconf 82' lang='lat' dir='ltr'>ebeque</span> <span class='ocrx_word' id='word_1_247' title='bbox 1648 4621 1690 4656; x_wconf 74' lang='lat' dir='ltr'>re-</span> 
     </span>
    </p>

    <p class='ocr_par' dir='ltr' id='par_1_14' title="bbox 638 4685 1690 4832">
     <span class='ocr_line' id='line_1_37' title="bbox 638 4685 1690 4751; baseline -0.001 -12"><span class='ocrx_word' id='word_1_248' title='bbox 638 4703 671 4739; x_wconf 79' lang='lat' dir='ltr'>en</span> <span class='ocrx_word' id='word_1_249' title='bbox 684 4701 791 4738; x_wconf 72' lang='lat' dir='ltr'>erasme</span> <span class='ocrx_word' id='word_1_250' title='bbox 1184 4699 1260 4736; x_wconf 62' lang='lat' dir='ltr'>aren</span> <span class='ocrx_word' id='word_1_251' title='bbox 1281 4687 1405 4736; x_wconf 71' lang='lat' dir='ltr'>baronum</span> <span class='ocrx_word' id='word_1_252' title='bbox 1426 4694 1452 4737; x_wconf 84' lang='lat' dir='ltr'>et</span> <span class='ocrx_word' id='word_1_253' title='bbox 1470 4685 1526 4751; x_wconf 77' lang='lat' dir='ltr'>lege</span> <span class='ocrx_word' id='word_1_254' title='bbox 1542 4699 1690 4750; x_wconf 76' lang='lat' dir='ltr'>proeemum</span> 
     </span>
     <span class='ocr_line' id='line_1_38' title="bbox 671 4763 1274 4832; baseline -0.008 -14"><span class='ocrx_word' id='word_1_255' title='bbox 671 4767 758 4832; x_wconf 62' lang='grc' dir='ltr'>ἐπα]</span> <span class='ocrx_word' id='word_1_256' title='bbox 777 4765 846 4818; x_wconf 84' lang='lat' dir='ltr'>Here</span> <span class='ocrx_word' id='word_1_257' title='bbox 857 4765 884 4816; x_wconf 87' lang='lat' dir='ltr'>in</span> <span class='ocrx_word' id='word_1_258' title='bbox 894 4765 938 4816; x_wconf 82' lang='lat' dir='ltr'>the</span> <span class='ocrx_word' id='word_1_259' title='bbox 950 4764 1007 4816; x_wconf 83' lang='lat' dir='ltr'>MS.</span> <span class='ocrx_word' id='word_1_260' title='bbox 1018 4765 1041 4815; x_wconf 83' lang='lat' dir='ltr'>is</span> <span class='ocrx_word' id='word_1_261' title='bbox 1054 4779 1071 4814; x_wconf 84' lang='lat' dir='ltr'>e</span> <span class='ocrx_word' id='word_1_262' title='bbox 1081 4763 1139 4828; x_wconf 76' lang='lat' dir='ltr'>rign</span> <span class='ocrx_word' id='word_1_263' title='bbox 1184 4764 1274 4830; x_wconf 48' lang='lat' dir='ltr'>(now</span> 
     </span>
    </p>

    <p class='ocr_par' dir='ltr' id='par_1_15' title="bbox 637 4843 1446 4910">
     <span class='ocr_line' id='line_1_39' title="bbox 637 4843 1446 4910; baseline -0.004 -12"><span class='ocrx_word' id='word_1_264' title='bbox 637 4848 744 4907; x_wconf 72' lang='lat' dir='ltr'>oseam,</span> <span class='ocrx_word' id='word_1_265' title='bbox 750 4847 797 4897; x_wconf 87' lang='lat' dir='ltr'>hut</span> <span class='ocrx_word' id='word_1_266' title='bbox 802 4861 836 4896; x_wconf 89' lang='lat' dir='ltr'>no</span> <span class='ocrx_word' id='word_1_267' title='bbox 844 4845 918 4896; x_wconf 82' lang='lat' dir='ltr'>other</span> <span class='ocrx_word' id='word_1_268' title='bbox 923 4844 1141 4909; x_wconf 81' lang='lat' dir='ltr'>wordierupplied</span> <span class='ocrx_word' id='word_1_269' title='bbox 1215 4845 1277 4910; x_wconf 80' lang='lat' dir='ltr'>&#39;in]</span> <span class='ocrx_word' id='word_1_270' title='bbox 1296 4843 1446 4896; x_wconf 80' lang='lat' dir='ltr'>Interlined.</span> 
     </span>
    </p>

    <p class='ocr_par' dir='ltr' id='par_1_16' title="bbox 637 4922 1691 5072">
     <span class='ocr_line' id='line_1_40' title="bbox 637 4922 1691 4990; baseline -0.001 -14"><span class='ocrx_word' id='word_1_271' title='bbox 637 4926 663 4976; x_wconf 85' lang='lat' dir='ltr'>io</span> <span class='ocrx_word' id='word_1_272' title='bbox 672 4926 715 4976; x_wconf 84' lang='lat' dir='ltr'>the</span> <span class='ocrx_word' id='word_1_273' title='bbox 725 4925 831 4990; x_wconf 74' lang='lat' dir='ltr'>margin.</span> <span class='ocrx_word' id='word_1_274' title='bbox 1218 4922 1365 4974; x_wconf 71' lang='lat' dir='ltr'>&#39;lotorum</span> <span class='ocrx_word' id='word_1_275' title='bbox 1376 4962 1384 4976; x_wconf 91' lang='lat'><strong>.</strong></span> <span class='ocrx_word' id='word_1_276' title='bbox 1397 4961 1404 4976; x_wconf 87' lang='lat'><strong>.</strong></span> <span class='ocrx_word' id='word_1_277' title='bbox 1416 4963 1423 4976; x_wconf 93' lang='lat'><strong>.</strong></span> <span class='ocrx_word' id='word_1_278' title='bbox 1435 4962 1442 4977; x_wconf 94' lang='lat'><strong>.</strong></span> <span class='ocrx_word' id='word_1_279' title='bbox 1454 4923 1575 4990; x_wconf 73' lang='lat' dir='ltr'>dertare]</span> <span class='ocrx_word' id='word_1_280' title='bbox 1596 4923 1638 4975; x_wconf 86' lang='lat' dir='ltr'>On</span> <span class='ocrx_word' id='word_1_281' title='bbox 1655 4939 1691 4978; x_wconf 77' lang='lat' dir='ltr'>eu</span> 
     </span>
     <span class='ocr_line' id='line_1_41' title="bbox 671 5002 1292 5072; baseline 0.005 -18"><span class='ocrx_word' id='word_1_282' title='bbox 671 5004 722 5055; x_wconf 81' lang='lat' dir='ltr'>’In</span> <span class='ocrx_word' id='word_1_283' title='bbox 733 5002 776 5058; x_wconf 81' lang='lat' dir='ltr'>the</span> <span class='ocrx_word' id='word_1_284' title='bbox 786 5004 887 5070; x_wconf 74' lang='lat' dir='ltr'>margin</span> <span class='ocrx_word' id='word_1_285' title='bbox 903 5003 1017 5072; x_wconf 72' lang='lat' dir='ltr'>opperire</span> <span class='ocrx_word' id='word_1_286' title='bbox 1036 5017 1051 5057; x_wconf 79' lang='lat' dir='ltr'>o</span> <span class='ocrx_word' id='word_1_287' title='bbox 1071 5003 1140 5055; x_wconf 76' lang='lat' dir='ltr'>tend</span> <span class='ocrx_word' id='word_1_288' title='bbox 1184 5018 1292 5057; x_wconf 70' lang='lat' dir='ltr'>emme.</span> 
     </span>
    </p>
   </div>
   <div class='ocr_carea' id='block_1_13' title="bbox 0 0 2126 6152">
    <p class='ocr_par' dir='ltr' id='par_1_17' title="bbox 0 0 2126 6152">
     <span class='ocr_line' id='line_1_42' title="bbox 0 0 2126 6152; baseline 0 0"><span class='ocrx_word' id='word_1_289' title='bbox 0 0 2126 6152; x_wconf 95' lang='lat' dir='ltr'> </span> 
     </span>
    </p>
   </div>
  </div>
 </body>
</html>
