4242 6159
578 1019 643 1085 314
702 1029 868 1082 mmm
891 1029 1104 1084 esmmnssrs
1126 1033 1291 1086 maroam
1312 1032 1513 1086 manorum

405 1217 564 1280 alianae.
576 1208 613 1272 in
628 1207 874 1295 sempiternum.
920 1209 1062 1295 Eritque
1077 1207 1151 1289 tibi,
1167 1213 1202 1274 et
1216 1209 1343 1287 merito,
1363 1209 1433 1296 ipse
1447 1187 1645 1297 imperator,

406 1318 564 1370 TheSoldan
576 1311 794 1377 amieissimus
823 1311 975 1377 omnibus
1004 1312 1121 1378 diebus
1151 1311 1232 1378 vitae
1262 1310 1357 1378 suae.’'
1403 1313 1493 1378 Huic
1522 1313 1646 1400 igitur,

405 1387 732 1505 fssssedsstghffioonsiliffl
769 1413 933 1479 soldanus
964 1414 1203 1503 obtemperans,
1226 1414 1320 1480 misit
1352 1414 1474 1482 dietum
1505 1417 1645 1504 episto.

405 1534 527 1584 emperor.
575 1517 644 1582 lam
659 1537 734 1581 oum
755 1516 851 1603 signo
874 1516 1059 1582 adhaerenti
1081 1517 1283 1603 imperatori,
1303 1520 1338 1580 et
1359 1537 1491 1583 omnem
1514 1519 1673 1594 dolum..

575 1620 792 1708 praelooutnm
822 1619 928 1686 eidem
953 1619 1168 1686 detunioavit.
1215 1619 1373 1684 Paratum
1397 1621 1502 1708 igitur
1523 1621 1645 1708 impe,

564 1708 718 1789 'retorem
732 1721 942 1810 peregrinari,
956 1723 1121 1809 praevenit
1135 1722 1274 1787 nuncius
1290 1721 1435 1800 soldani,
1451 1723 1645 1799 ostendens.

575 1825 626 1890 illi
647 1825 804 1891 seoretius
830 1824 1006 1912 epistolam
1030 1828 1256 1903 memoratam,
1288 1845 1347 1912 per
1371 1845 1469 1911 quam
1493 1825 1644 1912 plenius,

576 1929 616 1995 de
638 1927 833 2016 proditione,
849 1949 949 2013 qnam
966 1927 1067 1993 etiam
1082 1927 1303 2014 praesudierat
1324 1927 1382 1992 aed
1405 1927 1536 1994 eredere
1557 1949 1644 2005 non.

575 2036 716 2120 poterat,
742 2031 993 2096 certificabatur.
1040 2027 1197 2096 (laudens
1218 2030 1324 2117 igitur
1346 2035 1381 2096 et
1403 2031 1530 2118 gratias
1552 2031 1644 2106 Deo.

575 2133 766 2222 persolvens
788 2137 825 2198 et
855 2130 1010 2210 Soldano,
1041 2131 1129 2217 quod
1154 2132 1288 2218 laqueos
1311 2130 1521 2199 absoonditos
1547 2155 1643 2209 eva„
1661 2189 1677 2220 ,

575 2237 679 2314 sisset,
702 2233 933 2300 dissimulabat
951 2255 1054 2320 usque
1082 2233 1126 2299 ad
1157 2237 1289 2322 tompus
1320 2234 1494 2324 condignae
1528 2237 1641 2312 retri·,

574 2335 745 2404 butionis²
790 2334 873 2415 Quae
910 2335 1013 2423 igitur
1049 2336 1093 2400 ad
1130 2337 1275 2402 reditum
1308 2335 1345 2402 in
1378 2341 1500 2404 terram
1530 2361 1641 2414 suam,

574 2438 755 2506 necessaria
776 2437 919 2518 fuerant,
939 2441 1020 2503 ‘nam
1041 2445 1241 2506 revocarunt
1263 2461 1338 2507 eum
1359 2441 1464 2507 ardua
1478 2443 1642 2530 negotia„

575 2541 754 2630 prudentor
775 2540 983 2628 praeparavit

577 2807 675 2894 Quod
693 2770 756 2878 ¹too
771 2807 851 2898 suit
865 2805 941 2877 odit
962 2804 1198 2877 semiramem
1219 2807 1312 2876 datar
1334 2809 1575 2898 anparatorem
1593 2815 1642 2888 et.

1028 2911 1213 3000 Templum

406 3075 540 3142 Origines
621 3063 696 3128 Hoo
729 3066 842 3128 autem
879 3066 1010 3128 constat
1046 3058 1146 3126 fuisse
1184 3061 1397 3127 seminarium
1436 3063 1503 3128 odii
1535 3063 1641 3138 inter,

405 3143 554 3262 fflessffl
576 3155 808 3253 imperatorem
832 3169 867 3231 et
890 3164 1065 3252 Templum
1089 3168 1124 3228 et
1149 3163 1333 3251 Hospitale.
1384 3164 1641 3238 Verumtamen,

366 3336 376 3356 ‚
404 3277 540 3342 theempe-
576 3272 797 3361 Hospitalarii
828 3271 989 3336 minorem
1018 3274 1135 3335 notam
1164 3269 1309 3337 infamiae
1338 3293 1436 3358 super
1465 3272 1528 3338 hoe
1557 3271 1643 3340 sibi.

404 3345 836 3474 lgmsslissh‘eontraxerunm
867 3393 937 3439 sese
968 3373 1058 3439 enim
1092 3378 1206 3458 postea
1229 3379 1431 3440 sacramento
1461 3395 1645 3462 purgave.

405 3478 456 3528 Μὰ
466 3477 532 3526 11⁰⁸·
574 3483 663 3544 mnt
718 3477 772 3541 Ex
804 3474 861 3542 illo
891 3475 997 3563 igitur
1018 3479 1165 3560 tempore
1188 3476 1416 3562 conglutinata
1438 3481 1489 3542 est
1511 3477 1641 3543 anima.

404 3543 524 3609 pitanae
573 3579 786 3669 imperatoris
813 3600 888 3645 cum
919 3578 1030 3642 anima
1056 3577 1195 3642 Soldani
1226 3577 1509 3658 indissolubiliter,
1539 3585 1575 3644 et
1604 3601 1642 3645 e.

574 3705 739 3765 converso,
756 3681 910 3748 omnibus
925 3679 1042 3746 diebus
1053 3680 1135 3745 vitae
1151 3699 1272 3757 eorum,
1289 3680 1378 3766 quod
1392 3681 1492 3746 multi
1506 3686 1642 3768 postea.

573 3786 707 3851 sinistre
745 3788 825 3851 sunt
855 3783 1074 3870 interpretati,
1101 3783 1267 3848 mittendo
1305 3782 1370 3846 sibi
1400 3783 1444 3848 ad
1477 3783 1620 3850 invicem
1634 3819 1650 3849 .·

405 3882 561 3937 Thasum
573 3909 712 3954 munera
733 3886 884 3974 pretiosa
930 3885 1025 3951 Inter
1046 3905 1120 3972 quae
1144 3882 1306 3951 Soldanua
1321 3883 1414 3950 misit
1430 3883 1639 3974 imperatori,

404 3952 561 4083 iidddriiem
572 4013 677 4058 unum
703 3989 886 4056 elefantem.

404 4085 527 4151 elephant.

661 4266 858 4335 Dolueauat
887 4258 1078 4348 Tempust
1100 4279 1133 4327 ae
1153 4258 1268 4347 foisse
1293 4258 1520 4348 discoopertos.
1574 4307 1577 4314 .
1634 4297 1641 4314 ·

405 4383 471 4489 The·
618 4412 864 4501 comperientes
878 4413 991 4474 autem
1006 4406 1186 4494 Templarii
1205 4405 1411 4493 imperatoris
1434 4407 1620 4496 peregrina-
1632 4452 1638 4466 .
1651 4415 1697 4468 fol.
1711 4423 1760 4470 115
1773 4419 1788 4470 t

403 4505 550 4625 ffiffie
574 4517 698 4584 tionem
723 4513 859 4592 differri,
879 4509 1118 4577 intellexerrmt
1139 4531 1198 4596 per
1219 4507 1304 4574 illud
1335 4511 1369 4575 et
1399 4509 1466 4575 ulia
1488 4509 1642 4589 indiciae

403 4639 566 4704 proiectos
574 4621 686 4687 dolum
712 4639 810 4685 suum
840 4615 1082 4701 dieooopertum
1119 4611 1237 4678 effectu
1267 4611 1433 4698 proposito
1471 4612 1640 4679 caruisse.

608 4893 739 4960 'comedim
758 4892 864 4954 consilo,
874 4891 933 4942 MS.
1120 4890 1183 4940 been
1201 4889 1281 4940 added
1298 4889 1357 4939 here
1379 4896 1406 4940 to
1425 4889 1469 4940 the
1491 4893 1554 4954 text,
1575 4890 1621 4942 but

605 4974 805 5041 ²retritutionir]
822 4973 887 5025 Two
902 4971 984 5024 words
1006 4971 1071 5022 have
1121 4969 1266 5022 astmwards
1276 4967 1384 5036 entirely
1393 4971 1487 5022 erased.
