4242 6159
708 1036 755 1087 na
776 1034 937 1087 raurous
959 1035 1061 1089 ausis
1083 1032 1265 1087 rosunum.
1470 1018 1511 1083 95

440 1214 669 1280 monasteria
716 1211 847 1278 Deinde
868 1212 1038 1279 conferens
1060 1210 1116 1278 se¹
1141 1210 1298 1290 Parisius,
1318 1231 1353 1275 se
1377 1207 1597 1295 diligen-AD.
1611 1219 1684 1268 1202,

459 1326 516 1383 ter
537 1316 670 1383 studuit
692 1312 871 1398 vindicare,
901 1316 1135 1401 residuumque
1158 1312 1239 1379 enni
1260 1310 1352 1377 illius
1374 1309 1516 1377 imbellis

461 1421 600 1509 peragis

570 1650 744 1735 Quouwdo
764 1650 947 1719 Annum
964 1674 1038 1719 icon
1059 1650 1156 1718 ultra
1177 1650 1413 1737 comparuertt.

291 1798 453 1877 Ropwum
511 1790 631 1877 Elapso
657 1786 777 1855 deinde
806 1790 979 1875 aliquanto
1009 1792 1167 1874 tempore,
1191 1810 1250 1853 rex
1280 1784 1452 1854 Johannes
1475 1790 1517 1855 ad
1530 1798 1664 1850 nervias

313 1867 350 1915 ὼ·
364 1870 425 1917 ¹⁷⁰·
464 1898 611 1959 metrum
633 1890 772 1959 Falesiae
792 1888 996 1979 perveniens,
1020 1890 1099 1957 fecit
1121 1890 1185 1956 sibi
1202 1888 1393 1967 Arthurum,
1418 1867 1641 1984 nepo-{fullolm

466 2000 536 2061 tem
557 2016 662 2074 suum,
679 1994 882 2083 praesentari.
928 1992 995 2073 Qui
1009 2014 1084 2059 cum
1099 2000 1185 2059 esset
1207 2014 1314 2059 coram
1339 2014 1378 2059 eo
1398 1991 1518 2059 adduc·
1531 2000 1638 2052 Arthnr·

465 2104 532 2175 tus,
547 2098 647 2184 eoepit
657 2118 734 2163 eum
748 2118 809 2162 rex
820 2093 951 2161 blandis
966 2094 1091 2182 alloqui
1105 2096 1217 2162 verbis
1233 2098 1268 2162 et
1282 2094 1518 2177 amicabilibus,

446 2205 504 2266 ‘et
532 2200 656 2265 multos
687 2201 826 2266 honores
867 2198 1071 2285 promittere,
1104 2199 1283 2265 exhortans
1318 2204 1356 2263 ut
1386 2218 1407 2264 a
1443 2220 1519 2286 rege

468 2303 672 2368 Francorum
701 2302 877 2379 recederet,
901 2306 936 2366 et
958 2300 1031 2381 sibi,
1059 2306 1099 2365 ut
1129 2301 1264 2367 domino
1288 2308 1323 2367 et
1345 2303 1519 2383 avunculo,

444 2450 454 2477 .,
467 2406 610 2472 fideliter
624 2404 817 2471 adhaereret.
854 2404 1025 2470 Arthurus
1039 2424 1127 2483 vere,
1143 2406 1264 2491 spiritu
1279 2404 1521 2493 indignationis

466 2515 602 2576 uteret
624 2515 659 2575 et
681 2509 843 2597 superbioe
865 2508 990 2595 plenus,
1014 2510 1084 2595 regi
1115 2532 1189 2574 cum
1220 2510 1450 2597 indignatione
1472 2534 1521 2576 re·

466 2610 604 2700 spondit
626 2617 661 2678 et
686 2634 762 2677 cum
785 2608 1048 2687 comminatione,
1064 2610 1200 2699 exigens
1222 2616 1263 2677 ut
1284 2611 1436 2679 redderet
1458 2615 1523 2680 sibi

466 2736 609 2803 regnum
625 2712 765 2801 Angliae,
788 2735 863 2779 cum
885 2712 983 2778 terris
1006 2714 1159 2780 omnibus
1182 2720 1217 2780 et
1238 2715 1346 2794 rebus,
1361 2738 1442 2802 quas
1464 2740 1523 2783 rex

468 2816 632 2883 Ricardus
661 2816 781 2882 habuit
810 2814 848 2880 in
877 2814 1082 2902 possessione
1113 2839 1180 2896 sua,
1205 2816 1258 2882 die
1288 2840 1354 2904 qua
1377 2818 1522 2887 decessit.

445 2916 644 2986 ‚Cervicose
665 2922 782 2985 contra
803 2938 915 3005 regem
937 2940 972 2983 se
1002 2915 1133 2998 erexit,n
1163 2925 1198 2985 et
1221 2919 1299 3006 quia
1319 2920 1390 2987 haec
1411 2922 1524 2989 omnia

450 3021 538 3088 ‘sibi
558 3022 635 3108 jure
665 3021 866 3088 hereditario
890 3020 1105 3098 debebantur,
1129 3018 1308 3087 affirmavit
1330 3044 1404 3089 cum
1430 3024 1523 3111 jura-

465 3129 590 3201 mento,
612 3124 702 3211 quod
715 3123 782 3189 nisi
804 3123 942 3189 celerius
956 3123 1020 3188 sibi
1038 3123 1109 3209 jam
1126 3124 1216 3189 dicta
1238 3126 1349 3191 omnia
1371 3128 1525 3193 restitue-

465 3232 531 3305 ret‘,
545 3239 717 3314 nunquam
741 3226 903 3294 diuturna
924 3248 1004 3313 pace
1025 3226 1201 3293 frueretur.
1246 3228 1397 3294 Audiens
1411 3234 1523 3296 autem
1537 3250 1669 3302 Animis

466 3332 542 3396 haec
563 3351 624 3395 rex
645 3328 860 3417 J[ohannes]‚
883 3329 1098 3417 perturbatus
1122 3333 1173 3395 est
1195 3328 1415 3410 vehementer,
1441 3354 1524 3419 prae-
1536 3321 1664 3437 ffiss

468 3434 623 3520 cepitque
645 3436 685 3496 ut
708 3431 877 3497 Arthurus
899 3433 989 3518 apud
1004 3432 1251 3521 Rothomagum
1273 3432 1472 3515 mitteretur,
1487 3442 1526 3502 ut
1666 3423 1672 3437 ⁸

468 3534 521 3600 ibi
542 3534 579 3599 in
601 3557 675 3600 arce
697 3556 786 3599 nova
807 3538 965 3615 retrusus,
992 3534 1055 3600 sub
1077 3534 1211 3601 arctiori
1234 3536 1385 3603 custodia
1416 3560 1526 3605 serva-

448 3683 456 3696 .
470 3641 572 3703 retur.
619 3636 674 3701 Ex
689 3638 771 3702 tunc
785 3658 864 3702 vero
880 3658 946 3723 quo
962 3636 1107 3715 devenit,
1123 3638 1276 3704 omnibus
1291 3638 1359 3707 lere
1373 3639 1527 3729 ignotum

447 3742 533 3807 .est
570 3735 810 3805 Verumtamen
833 3735 876 3804 ab
898 3738 1066 3826 aliquibus
1087 3740 1211 3807 dictum
1235 3748 1294 3821 est,
1309 3744 1398 3829 quod
1413 3744 1665 3822 volensnmffi

446 3840 558 3908 .clam
589 3840 738 3921 evadere,
759 3838 796 3906 in
827 3837 981 3927 Sequana
1002 3840 1192 3910 submersus
1215 3848 1274 3923 est,
1296 3852 1330 3912 et
1360 3846 1407 3913 sie
1428 3848 1528 3935 periit
1538 3840 1679 3919 respecting

446 3966 541 4010 ,που
556 3940 715 4010 inventus
725 3968 734 4025 ;
758 3941 834 4008 aliis
857 3941 1110 4024 affirmantibus,
1126 3946 1215 4033 quod
1236 3968 1306 4035 prae
1327 3948 1434 4015 cordis
1453 3973 1528 4017 ran-
1539 3906 1671 3957 haruin.

446 4067 549 4113 ‚core
569 4041 607 4111 in
629 4044 789 4111 accidiam
812 4042 977 4129 decidens,
1007 4048 1182 4114 contabuit
1211 4046 1248 4113 in
1279 4050 1461 4138 semetipso,
1492 4058 1527 4119 et

447 4151 458 4213 :
470 4148 522 4215 sic
554 4144 648 4214 obiit.
702 4143 823 4214 Franci
855 4170 942 4229 vero,
979 4150 1099 4236 quibus
1136 4156 1272 4239 propter
1308 4150 1527 4221 hostilitatem

447 4251 573 4340 ‚plena
594 4250 676 4317 fides
697 4272 766 4318 non
788 4254 839 4317 eet
860 4250 1056 4332 adhibenda,
1072 4258 1223 4320 asserunt
1243 4252 1353 4342 ipsum
1375 4253 1528 4324 manibus

448 4352 531 4421 .vel
552 4358 716 4443 praecepto
737 4354 825 4443 regis
846 4352 1011 4421 Johannis
1032 4354 1133 4424 fiiisse
1155 4354 1386 4447 peremptum„⁸

1321 4520 1526 4530 --———..-.-

510 4592 946 4661 ¹co1v⁴erenmssddedinmarp
1059 4596 1149 4647 'Here
1166 4596 1310 4648 trinsetted
1326 4596 1353 4647 in
1369 4598 1527 4661 numa.

508 4670 683 4724 wewam.
696 4706 703 4723 .
714 4709 722 4722 .
733 4670 824 4739 nexit]
844 4674 937 4725 Added
950 4668 979 4726 in
1026 4672 1065 4735 0.,
1095 4674 1139 4725 the
1167 4674 1271 4741 chapter
1291 4672 1334 4727 De
1352 4678 1434 4728 meta
1449 4681 1529 4745 panis

474 4751 938 4817 mg.,monmruext0rr.
1025 4756 1077 4818 (eu
1090 4754 1208 4820 ussup.
1221 4757 1291 4822 sos).
