<?xml version="1.0" encoding="UTF-8"?>
<!DOCTYPE html PUBLIC "-//W3C//DTD XHTML 1.0 Transitional//EN"
    "http://www.w3.org/TR/xhtml1/DTD/xhtml1-transitional.dtd">
<html xmlns="http://www.w3.org/1999/xhtml" xml:lang="en" lang="en">
 <head>
  <title>
</title>
<meta http-equiv="Content-Type" content="text/html;charset=utf-8" />
  <meta name='ocr-system' content='tesseract 3.04.00' />
  <meta name='ocr-capabilities' content='ocr_page ocr_carea ocr_par ocr_line ocrx_word'/>
</head>
<body>
  <div class='ocr_page' id='page_1' title='image "./matthiparisiens04parigoog_0074.png"; bbox 0 0 4242 6159; ppageno 0'>
   <div class='ocr_carea' id='block_1_1' title="bbox 617 983 1542 1048">
    <p class='ocr_par' dir='ltr' id='par_1_1' title="bbox 617 983 1542 1048">
     <span class='ocr_line' id='line_1_1' title="bbox 617 983 1542 1048; baseline 0.005 -5"><span class='ocrx_word' id='word_1_1' title='bbox 617 983 659 1046; x_wconf 89' lang='lat'><strong>56</strong></span> <span class='ocrx_word' id='word_1_2' title='bbox 734 993 899 1046; x_wconf 70' lang='lat' dir='ltr'><strong>narrum</strong></span> <span class='ocrx_word' id='word_1_3' title='bbox 922 994 1136 1046; x_wconf 78' lang='lat' dir='ltr'><strong>rsarsrussre</strong></span> <span class='ocrx_word' id='word_1_4' title='bbox 1157 994 1322 1048; x_wconf 75' lang='lat' dir='ltr'><strong>merosus</strong></span> <span class='ocrx_word' id='word_1_5' title='bbox 1343 995 1542 1048; x_wconf 72' lang='lat' dir='ltr'><strong>cremnon.</strong></span> 
     </span>
    </p>
   </div>
   <div class='ocr_carea' id='block_1_2' title="bbox 450 1269 1683 1360">
    <p class='ocr_par' dir='ltr' id='par_1_2' title="bbox 450 1269 1683 1360">
     <span class='ocr_line' id='line_1_2' title="bbox 450 1269 1683 1360; baseline 0.011 -33"><span class='ocrx_word' id='word_1_6' title='bbox 450 1277 519 1328; x_wconf 66' lang='lat' dir='ltr'><strong>an.</strong></span> <span class='ocrx_word' id='word_1_7' title='bbox 534 1284 607 1330; x_wconf 79' lang='lat'>1195.</span> <span class='ocrx_word' id='word_1_8' title='bbox 639 1271 700 1340; x_wconf 69' lang='lat' dir='ltr'><strong>Fit</strong></span> <span class='ocrx_word' id='word_1_9' title='bbox 719 1271 889 1358; x_wconf 67' lang='lat' dir='ltr'><strong>pauculis</strong></span> <span class='ocrx_word' id='word_1_10' title='bbox 908 1269 1109 1359; x_wconf 72' lang='lat' dir='ltr'><strong>pradicatio</strong></span> <span class='ocrx_word' id='word_1_11' title='bbox 1130 1292 1197 1358; x_wconf 82' lang='lat' dir='ltr'><strong>pro</strong></span> <span class='ocrx_word' id='word_1_12' title='bbox 1217 1271 1349 1360; x_wconf 76' lang='lat' dir='ltr'><strong>capotio</strong></span> <span class='ocrx_word' id='word_1_13' title='bbox 1373 1271 1482 1340; x_wconf 75' lang='lat' dir='ltr'><strong>Terra</strong></span> <span class='ocrx_word' id='word_1_14' title='bbox 1502 1273 1640 1342; x_wconf 70' lang='lat' dir='ltr'><strong>sanem</strong></span> <span class='ocrx_word' id='word_1_15' title='bbox 1674 1333 1683 1350; x_wconf 82' lang='lat'>‚</span> 
     </span>
    </p>
   </div>
   <div class='ocr_carea' id='block_1_3' title="bbox 450 1407 1685 2090">
    <p class='ocr_par' dir='ltr' id='par_1_3' title="bbox 450 1407 1685 1498">
     <span class='ocr_line' id='line_1_3' title="bbox 450 1407 1685 1498; baseline 0.001 -25"><span class='ocrx_word' id='word_1_16' title='bbox 450 1415 563 1466; x_wconf 74' lang='lat' dir='ltr'><strong>Richard</strong></span> <span class='ocrx_word' id='word_1_17' title='bbox 664 1408 790 1474; x_wconf 81' lang='lat' dir='ltr'><strong>Diebus</strong></span> <span class='ocrx_word' id='word_1_18' title='bbox 815 1408 920 1495; x_wconf 79' lang='lat' dir='ltr'><strong>igitur</strong></span> <span class='ocrx_word' id='word_1_19' title='bbox 944 1407 1007 1475; x_wconf 90' lang='lat' dir='ltr'><strong>sub</strong></span> <span class='ocrx_word' id='word_1_20' title='bbox 1032 1407 1166 1490; x_wconf 89' lang='lat' dir='ltr'><strong>eisdem,</strong></span> <span class='ocrx_word' id='word_1_21' title='bbox 1193 1414 1389 1496; x_wconf 75' lang='lat' dir='ltr'><strong>procurante</strong></span> <span class='ocrx_word' id='word_1_22' title='bbox 1411 1429 1486 1498; x_wconf 83' lang='lat' dir='ltr'><strong>rege</strong></span> <span class='ocrx_word' id='word_1_23' title='bbox 1512 1408 1685 1487; x_wconf 87' lang='lat' dir='ltr'><strong>Ricardo„</strong></span> 
     </span>
    </p>

    <p class='ocr_par' dir='ltr' id='par_1_4' title="bbox 451 1497 1684 1600">
     <span class='ocr_line' id='line_1_4' title="bbox 451 1497 1684 1600; baseline 0 -23"><span class='ocrx_word' id='word_1_24' title='bbox 451 1497 566 1600; x_wconf 46' lang='lat' dir='ltr'><strong>m?</strong></span> <span class='ocrx_word' id='word_1_25' title='bbox 618 1512 677 1598; x_wconf 89' lang='lat' dir='ltr'><strong>qui</strong></span> <span class='ocrx_word' id='word_1_26' title='bbox 699 1511 807 1578; x_wconf 86' lang='lat' dir='ltr'><strong>adhuc</strong></span> <span class='ocrx_word' id='word_1_27' title='bbox 827 1511 966 1578; x_wconf 88' lang='lat' dir='ltr'><strong>firmiter</strong></span> <span class='ocrx_word' id='word_1_28' title='bbox 987 1511 1191 1599; x_wconf 86' lang='lat' dir='ltr'><strong>propositum</strong></span> <span class='ocrx_word' id='word_1_29' title='bbox 1214 1514 1367 1578; x_wconf 86' lang='lat' dir='ltr'><strong>tenuerat</strong></span> <span class='ocrx_word' id='word_1_30' title='bbox 1391 1511 1684 1599; x_wconf 76' lang='lat' dir='ltr'><strong>reperegrinandi„</strong></span> 
     </span>
    </p>

    <p class='ocr_par' dir='ltr' id='par_1_5' title="bbox 451 1613 1682 1702">
     <span class='ocr_line' id='line_1_5' title="bbox 451 1613 1682 1702; baseline 0.006 -23"><span class='ocrx_word' id='word_1_31' title='bbox 451 1622 477 1664; x_wconf 74' lang='lat'><strong>¹⁰</strong></span> <span class='ocrx_word' id='word_1_32' title='bbox 491 1617 522 1664; x_wconf 70' lang='lat' dir='ltr'><strong>be</strong></span> <span class='ocrx_word' id='word_1_33' title='bbox 618 1614 878 1701; x_wconf 88' lang='lat' dir='ltr'><strong>archiepiscopus</strong></span> <span class='ocrx_word' id='word_1_34' title='bbox 902 1614 1151 1680; x_wconf 70' lang='lat' dir='ltr'><strong>cantuariensis</strong></span> <span class='ocrx_word' id='word_1_35' title='bbox 1183 1613 1390 1702; x_wconf 88' lang='lat' dir='ltr'><strong>H[ubertns]</strong></span> <span class='ocrx_word' id='word_1_36' title='bbox 1414 1619 1449 1680; x_wconf 88' lang='lat' dir='ltr'><strong>et</strong></span> <span class='ocrx_word' id='word_1_37' title='bbox 1477 1613 1682 1702; x_wconf 81' lang='lat' dir='ltr'><strong>apostolicae.</strong></span> 
     </span>
    </p>

    <p class='ocr_par' dir='ltr' id='par_1_6' title="bbox 451 1682 1682 2090">
     <span class='ocr_line' id='line_1_6' title="bbox 451 1682 1682 1804; baseline 0.005 -22"><span class='ocrx_word' id='word_1_38' title='bbox 451 1682 580 1748; x_wconf 52' lang='lat' dir='ltr'><strong>mm</strong></span> <span class='ocrx_word' id='word_1_39' title='bbox 617 1717 704 1783; x_wconf 88' lang='lat' dir='ltr'><strong>sedis</strong></span> <span class='ocrx_word' id='word_1_40' title='bbox 729 1717 859 1804; x_wconf 83' lang='lat' dir='ltr'><strong>legatus</strong></span> <span class='ocrx_word' id='word_1_41' title='bbox 883 1715 962 1782; x_wconf 91' lang='lat' dir='ltr'><strong>fecit</strong></span> <span class='ocrx_word' id='word_1_42' title='bbox 987 1715 1161 1803; x_wconf 76' lang='lat' dir='ltr'><strong>praedicari</strong></span> <span class='ocrx_word' id='word_1_43' title='bbox 1184 1717 1381 1804; x_wconf 85' lang='lat' dir='ltr'><strong>generaliter</strong></span> <span class='ocrx_word' id='word_1_44' title='bbox 1404 1715 1445 1784; x_wconf 91' lang='lat' dir='ltr'><strong>de</strong></span> <span class='ocrx_word' id='word_1_45' title='bbox 1467 1739 1569 1796; x_wconf 88' lang='lat' dir='ltr'><strong>cruce,</strong></span> <span class='ocrx_word' id='word_1_46' title='bbox 1588 1740 1682 1788; x_wconf 90' lang='lat' dir='ltr'><strong>con-.</strong></span> 
     </span>
     <span class='ocr_line' id='line_1_7' title="bbox 617 1819 1681 1906; baseline 0.003 -20"><span class='ocrx_word' id='word_1_47' title='bbox 617 1820 734 1886; x_wconf 85' lang='lat' dir='ltr'><strong>cedens</strong></span> <span class='ocrx_word' id='word_1_48' title='bbox 758 1819 1007 1906; x_wconf 84' lang='lat' dir='ltr'><strong>cruce-signatis</strong></span> <span class='ocrx_word' id='word_1_49' title='bbox 1032 1821 1068 1883; x_wconf 91' lang='lat' dir='ltr'><strong>et</strong></span> <span class='ocrx_word' id='word_1_50' title='bbox 1093 1838 1207 1883; x_wconf 86' lang='lat' dir='ltr'><strong>eorum</strong></span> <span class='ocrx_word' id='word_1_51' title='bbox 1235 1819 1492 1905; x_wconf 81' lang='lat' dir='ltr'><strong>possessionibus</strong></span> <span class='ocrx_word' id='word_1_52' title='bbox 1521 1820 1681 1889; x_wconf 74' lang='lat' dir='ltr'><strong>ecclesias.</strong></span> 
     </span>
     <span class='ocr_line' id='line_1_8' title="bbox 617 1920 1681 2009; baseline 0.005 -22"><span class='ocrx_word' id='word_1_53' title='bbox 617 1921 862 2008; x_wconf 85' lang='lat' dir='ltr'><strong>protectionem,</strong></span> <span class='ocrx_word' id='word_1_54' title='bbox 885 1924 921 1986; x_wconf 88' lang='lat' dir='ltr'><strong>et</strong></span> <span class='ocrx_word' id='word_1_55' title='bbox 946 1920 1069 1986; x_wconf 88' lang='lat' dir='ltr'><strong>eisdem</strong></span> <span class='ocrx_word' id='word_1_56' title='bbox 1092 1920 1315 2006; x_wconf 86' lang='lat' dir='ltr'><strong>plenissimam</strong></span> <span class='ocrx_word' id='word_1_57' title='bbox 1338 1926 1545 2009; x_wconf 86' lang='lat' dir='ltr'><strong>peccatorum</strong></span> <span class='ocrx_word' id='word_1_58' title='bbox 1568 1923 1681 1994; x_wconf 77' lang='lat' dir='ltr'><strong>abso.</strong></span> 
     </span>
     <span class='ocr_line' id='line_1_9' title="bbox 616 2023 785 2090; baseline -0.006 0"><span class='ocrx_word' id='word_1_59' title='bbox 616 2023 785 2090; x_wconf 81' lang='lat' dir='ltr'><strong>lationem</strong></span> 
     </span>
    </p>
   </div>
   <div class='ocr_carea' id='block_1_4' title="bbox 617 2242 1665 2432">
    <p class='ocr_par' dir='ltr' id='par_1_7' title="bbox 617 2242 1665 2432">
     <span class='ocr_line' id='line_1_10' title="bbox 617 2242 1665 2414; baseline -0.001 -99"><span class='ocrx_word' id='word_1_60' title='bbox 617 2249 667 2316; x_wconf 84' lang='lat' dir='ltr'><strong>De</strong></span> <span class='ocrx_word' id='word_1_61' title='bbox 689 2244 841 2336; x_wconf 73' lang='lat' dir='ltr'><strong>quodam</strong></span> <span class='ocrx_word' id='word_1_62' title='bbox 862 2242 1022 2332; x_wconf 69' lang='lat' dir='ltr'><strong>pactam</strong></span> <span class='ocrx_word' id='word_1_63' title='bbox 1030 2242 1263 2414; x_wconf 36' lang='lat' dir='ltr'><strong>{ammiates</strong></span> <span class='ocrx_word' id='word_1_64' title='bbox 1288 2265 1378 2331; x_wconf 74' lang='lat' dir='ltr'><strong>reyes</strong></span> <span class='ocrx_word' id='word_1_65' title='bbox 1400 2245 1616 2314; x_wconf 71' lang='lat' dir='ltr'><strong>Francorum</strong></span> <span class='ocrx_word' id='word_1_66' title='bbox 1635 2253 1665 2314; x_wconf 84' lang='lat' dir='ltr'><strong>ct</strong></span> 
     </span>
     <span class='ocr_line' id='line_1_11' title="bbox 1065 2368 1235 2432; baseline -0.012 -17"><span class='ocrx_word' id='word_1_67' title='bbox 1065 2369 1113 2432; x_wconf 69' lang='lat' dir='ltr'><strong>ap</strong></span> <span class='ocrx_word' id='word_1_68' title='bbox 1192 2368 1235 2414; x_wconf 81' lang='lat' dir='ltr'><strong>aa.</strong></span> 
     </span>
    </p>
   </div>
   <div class='ocr_carea' id='block_1_5' title="bbox 449 2496 1842 2714">
    <p class='ocr_par' dir='ltr' id='par_1_8' title="bbox 449 2496 1842 2714">
     <span class='ocr_line' id='line_1_12' title="bbox 449 2496 1842 2586; baseline -0.004 -19"><span class='ocrx_word' id='word_1_69' title='bbox 449 2503 518 2556; x_wconf 58' lang='lat' dir='ltr'><strong>&amp;D-</strong></span> <span class='ocrx_word' id='word_1_70' title='bbox 532 2509 604 2556; x_wconf 80' lang='lat'>11⁹⁶·</span> <span class='ocrx_word' id='word_1_71' title='bbox 661 2499 761 2566; x_wconf 87' lang='lat' dir='ltr'><strong>Anno</strong></span> <span class='ocrx_word' id='word_1_72' title='bbox 792 2497 911 2586; x_wconf 79' lang='lat' dir='ltr'><strong>gratiss</strong></span> <span class='ocrx_word' id='word_1_73' title='bbox 940 2498 1167 2564; x_wconf 75' lang='lat' dir='ltr'><strong>11⁰.c⁰.xo⁰.vl⁰.</strong></span> <span class='ocrx_word' id='word_1_74' title='bbox 1208 2518 1268 2563; x_wconf 90' lang='lat' dir='ltr'><strong>rex</strong></span> <span class='ocrx_word' id='word_1_75' title='bbox 1296 2496 1479 2585; x_wconf 82' lang='lat' dir='ltr'><strong>Anglorum</strong></span> <span class='ocrx_word' id='word_1_76' title='bbox 1515 2497 1581 2563; x_wconf 85' lang='lat' dir='ltr'><strong>fuit</strong></span> <span class='ocrx_word' id='word_1_77' title='bbox 1619 2496 1842 2578; x_wconf 62' lang='lat' dir='ltr'><strong>sdssqsweno.</strong></span> 
     </span>
     <span class='ocr_line' id='line_1_13' title="bbox 449 2573 1800 2714; baseline -0.004 -45"><span class='ocrx_word' id='word_1_78' title='bbox 449 2597 544 2714; x_wconf 48' lang='lat' dir='ltr'><strong><em>w</em></strong></span> <span class='ocrx_word' id='word_1_79' title='bbox 618 2602 740 2668; x_wconf 85' lang='lat' dir='ltr'><strong>Natale</strong></span> <span class='ocrx_word' id='word_1_80' title='bbox 762 2599 898 2666; x_wconf 89' lang='lat' dir='ltr'><strong>Domini</strong></span> <span class='ocrx_word' id='word_1_81' title='bbox 927 2597 1018 2686; x_wconf 88' lang='lat' dir='ltr'><strong>apud</strong></span> <span class='ocrx_word' id='word_1_82' title='bbox 1045 2598 1216 2664; x_wconf 83' lang='lat' dir='ltr'><strong>Pictavim.</strong></span> <span class='ocrx_word' id='word_1_83' title='bbox 1276 2598 1416 2681; x_wconf 81' lang='lat' dir='ltr'><strong>Deinde,</strong></span> <span class='ocrx_word' id='word_1_84' title='bbox 1441 2604 1519 2686; x_wconf 90' lang='lat' dir='ltr'><strong>post</strong></span> <span class='ocrx_word' id='word_1_85' title='bbox 1540 2599 1662 2665; x_wconf 88' lang='lat' dir='ltr'><strong>festum</strong></span> <span class='ocrx_word' id='word_1_86' title='bbox 1706 2579 1743 2618; x_wconf 61' lang='lat'><strong>¹¹²</strong></span> <span class='ocrx_word' id='word_1_87' title='bbox 1756 2573 1800 2619; x_wconf 79' lang='lat'><strong>⁹³·</strong></span> 
     </span>
    </p>
   </div>
   <div class='ocr_carea' id='block_1_6' title="bbox 443 2679 1677 4528">
    <p class='ocr_par' dir='ltr' id='par_1_9' title="bbox 450 2679 1664 2890">
     <span class='ocr_line' id='line_1_14' title="bbox 514 2679 1566 2720; baseline 0.004 -7"><span class='ocrx_word' id='word_1_88' title='bbox 514 2679 561 2714; x_wconf 70' lang='lat' dir='ltr'><strong>een</strong></span> <span class='ocrx_word' id='word_1_89' title='bbox 711 2706 719 2720; x_wconf 82' lang='grc'><em>.</em></span> <span class='ocrx_word' id='word_1_90' title='bbox 793 2703 800 2719; x_wconf 86' lang='grc'><strong>.</strong></span> <span class='ocrx_word' id='word_1_91' title='bbox 867 2700 886 2717; x_wconf 84' lang='grc'><strong>..</strong></span> <span class='ocrx_word' id='word_1_92' title='bbox 1386 2701 1394 2717; x_wconf 63' lang='grc' dir='ltr'>ι</span> <span class='ocrx_word' id='word_1_93' title='bbox 1534 2701 1566 2717; x_wconf 75' lang='lat'><strong>0·</strong></span> 
     </span>
     <span class='ocr_line' id='line_1_15' title="bbox 450 2701 1664 2792; baseline -0.006 -19"><span class='ocrx_word' id='word_1_94' title='bbox 450 2729 597 2792; x_wconf 63' lang='lat' dir='ltr'><strong>rumpens</strong></span> <span class='ocrx_word' id='word_1_95' title='bbox 616 2711 722 2772; x_wconf 79' lang='lat' dir='ltr'><strong>sancti</strong></span> <span class='ocrx_word' id='word_1_96' title='bbox 755 2703 899 2782; x_wconf 79' lang='lat' dir='ltr'><strong>Hlllarn,</strong></span> <span class='ocrx_word' id='word_1_97' title='bbox 932 2708 1157 2767; x_wconf 86' lang='lat' dir='ltr'><strong>convenerunt</strong></span> <span class='ocrx_word' id='word_1_98' title='bbox 1183 2702 1227 2767; x_wconf 88' lang='lat' dir='ltr'><strong>ad</strong></span> <span class='ocrx_word' id='word_1_99' title='bbox 1257 2701 1455 2788; x_wconf 88' lang='lat' dir='ltr'><strong>colloqurum</strong></span> <span class='ocrx_word' id='word_1_100' title='bbox 1481 2701 1664 2787; x_wconf 75' lang='lat' dir='ltr'><strong>Philippus,</strong></span> 
     </span>
     <span class='ocr_line' id='line_1_16' title="bbox 450 2796 1663 2890; baseline -0.006 -16"><span class='ocrx_word' id='word_1_101' title='bbox 450 2796 570 2846; x_wconf 73' lang='lat' dir='ltr'><strong>Richaro.</strong></span> <span class='ocrx_word' id='word_1_102' title='bbox 616 2828 676 2874; x_wconf 89' lang='lat' dir='ltr'><strong>rex</strong></span> <span class='ocrx_word' id='word_1_103' title='bbox 698 2807 911 2882; x_wconf 82' lang='lat' dir='ltr'><strong>Francorum,</strong></span> <span class='ocrx_word' id='word_1_104' title='bbox 930 2807 965 2869; x_wconf 87' lang='lat' dir='ltr'><strong>et</strong></span> <span class='ocrx_word' id='word_1_105' title='bbox 989 2802 1160 2884; x_wconf 88' lang='lat' dir='ltr'><strong>Ricardue,</strong></span> <span class='ocrx_word' id='word_1_106' title='bbox 1181 2823 1241 2868; x_wconf 84' lang='lat' dir='ltr'><strong>rex</strong></span> <span class='ocrx_word' id='word_1_107' title='bbox 1262 2802 1455 2890; x_wconf 83' lang='lat' dir='ltr'><strong>Anglornm,</strong></span> <span class='ocrx_word' id='word_1_108' title='bbox 1470 2803 1560 2890; x_wconf 84' lang='lat' dir='ltr'><strong>apud</strong></span> <span class='ocrx_word' id='word_1_109' title='bbox 1587 2802 1663 2868; x_wconf 88' lang='lat' dir='ltr'><strong>Loi-</strong></span> 
     </span>
    </p>

    <p class='ocr_par' dir='ltr' id='par_1_10' title="bbox 443 2887 1677 4528">
     <span class='ocr_line' id='line_1_17' title="bbox 476 2887 1663 2988; baseline -0.006 -11"><span class='ocrx_word' id='word_1_110' title='bbox 476 2893 506 2937; x_wconf 84' lang='lat'><strong>¹³</strong></span> <span class='ocrx_word' id='word_1_111' title='bbox 518 2887 578 2938; x_wconf 66' lang='lat'><strong>‘¹⁸¹¹‘</strong></span> <span class='ocrx_word' id='word_1_112' title='bbox 616 2931 698 2988; x_wconf 89' lang='lat' dir='ltr'><strong>vers,</strong></span> <span class='ocrx_word' id='word_1_113' title='bbox 713 2908 772 2975; x_wconf 92' lang='lat' dir='ltr'><strong>ubi</strong></span> <span class='ocrx_word' id='word_1_114' title='bbox 794 2909 884 2973; x_wconf 88' lang='lat' dir='ltr'><strong>inter</strong></span> <span class='ocrx_word' id='word_1_115' title='bbox 898 2926 953 2972; x_wconf 87' lang='lat' dir='ltr'><strong>eos</strong></span> <span class='ocrx_word' id='word_1_116' title='bbox 968 2904 1124 2971; x_wconf 87' lang='lat' dir='ltr'><strong>convenit</strong></span> <span class='ocrx_word' id='word_1_117' title='bbox 1138 2906 1174 2970; x_wconf 92' lang='lat' dir='ltr'><strong>in</strong></span> <span class='ocrx_word' id='word_1_118' title='bbox 1188 2905 1277 2972; x_wconf 92' lang='lat' dir='ltr'><strong>hunc</strong></span> <span class='ocrx_word' id='word_1_119' title='bbox 1291 2905 1448 2971; x_wconf 88' lang='lat' dir='ltr'><strong>modum:</strong></span> <span class='ocrx_word' id='word_1_120' title='bbox 1472 2905 1546 2970; x_wconf 85' lang='lat' dir='ltr'><strong>Rex</strong></span> <span class='ocrx_word' id='word_1_121' title='bbox 1560 2904 1663 2970; x_wconf 85' lang='lat' dir='ltr'><strong>Fran·</strong></span> 
     </span>
     <span class='ocr_line' id='line_1_18' title="bbox 615 3007 1663 3098; baseline -0.005 -20"><span class='ocrx_word' id='word_1_122' title='bbox 615 3033 726 3078; x_wconf 89' lang='lat' dir='ltr'><strong>corum</strong></span> <span class='ocrx_word' id='word_1_123' title='bbox 748 3011 895 3098; x_wconf 89' lang='lat' dir='ltr'><strong>quietam</strong></span> <span class='ocrx_word' id='word_1_124' title='bbox 914 3007 1071 3074; x_wconf 75' lang='lat' dir='ltr'><strong>damasit</strong></span> <span class='ocrx_word' id='word_1_125' title='bbox 1092 3008 1162 3096; x_wconf 86' lang='lat' dir='ltr'><strong>regi</strong></span> <span class='ocrx_word' id='word_1_126' title='bbox 1184 3007 1325 3074; x_wconf 84' lang='lat' dir='ltr'><strong>Ricardo</strong></span> <span class='ocrx_word' id='word_1_127' title='bbox 1347 3011 1382 3075; x_wconf 90' lang='lat' dir='ltr'><strong>et</strong></span> <span class='ocrx_word' id='word_1_128' title='bbox 1404 3007 1577 3073; x_wconf 87' lang='lat' dir='ltr'><strong>heredibus</strong></span> <span class='ocrx_word' id='word_1_129' title='bbox 1596 3007 1663 3073; x_wconf 87' lang='lat' dir='ltr'><strong>suis</strong></span> 
     </span>
     <span class='ocr_line' id='line_1_19' title="bbox 615 3108 1662 3198; baseline -0.007 -17"><span class='ocrx_word' id='word_1_130' title='bbox 615 3114 794 3181; x_wconf 89' lang='lat' dir='ltr'><strong>Yssoudun</strong></span> <span class='ocrx_word' id='word_1_131' title='bbox 831 3133 905 3178; x_wconf 89' lang='lat' dir='ltr'><strong>cum</strong></span> <span class='ocrx_word' id='word_1_132' title='bbox 935 3109 1147 3198; x_wconf 76' lang='lat' dir='ltr'><strong>pertinentiis</strong></span> <span class='ocrx_word' id='word_1_133' title='bbox 1181 3109 1256 3187; x_wconf 88' lang='lat' dir='ltr'><strong>suis,</strong></span> <span class='ocrx_word' id='word_1_134' title='bbox 1292 3114 1327 3176; x_wconf 86' lang='lat' dir='ltr'><strong>et</strong></span> <span class='ocrx_word' id='word_1_135' title='bbox 1350 3108 1407 3196; x_wconf 85' lang='lat' dir='ltr'><strong>jus</strong></span> <span class='ocrx_word' id='word_1_136' title='bbox 1435 3114 1545 3175; x_wconf 86' lang='lat' dir='ltr'><strong>totum</strong></span> <span class='ocrx_word' id='word_1_137' title='bbox 1575 3109 1662 3196; x_wconf 90' lang='lat' dir='ltr'><strong>quod</strong></span> 
     </span>
     <span class='ocr_line' id='line_1_20' title="bbox 614 3211 1663 3283; baseline -0.007 0"><span class='ocrx_word' id='word_1_138' title='bbox 614 3216 732 3283; x_wconf 82' lang='lat' dir='ltr'><strong>habuit</strong></span> <span class='ocrx_word' id='word_1_139' title='bbox 753 3217 790 3281; x_wconf 93' lang='lat' dir='ltr'><strong>in</strong></span> <span class='ocrx_word' id='word_1_140' title='bbox 815 3214 910 3280; x_wconf 88' lang='lat' dir='ltr'><strong>Berri</strong></span> <span class='ocrx_word' id='word_1_141' title='bbox 931 3217 967 3279; x_wconf 89' lang='lat' dir='ltr'><strong>et</strong></span> <span class='ocrx_word' id='word_1_142' title='bbox 988 3212 1150 3278; x_wconf 85' lang='lat' dir='ltr'><strong>Alvernia</strong></span> <span class='ocrx_word' id='word_1_143' title='bbox 1163 3216 1200 3277; x_wconf 89' lang='lat' dir='ltr'><strong>et</strong></span> <span class='ocrx_word' id='word_1_144' title='bbox 1220 3211 1402 3278; x_wconf 86' lang='lat' dir='ltr'><strong>Weeconia</strong></span> <span class='ocrx_word' id='word_1_145' title='bbox 1449 3211 1495 3277; x_wconf 85' lang='lat' dir='ltr'><strong>Et</strong></span> <span class='ocrx_word' id='word_1_146' title='bbox 1516 3211 1663 3278; x_wconf 81' lang='lat' dir='ltr'><strong>reddidit</strong></span> 
     </span>
     <span class='ocr_line' id='line_1_21' title="bbox 614 3312 1663 3404; baseline -0.006 -20"><span class='ocrx_word' id='word_1_147' title='bbox 614 3319 645 3384; x_wconf 87' lang='lat' dir='ltr'><strong>ei</strong></span> <span class='ocrx_word' id='word_1_148' title='bbox 667 3318 778 3404; x_wconf 79' lang='lat' dir='ltr'><strong>quiete</strong></span> <span class='ocrx_word' id='word_1_149' title='bbox 807 3314 978 3382; x_wconf 86' lang='lat' dir='ltr'><strong>castellum</strong></span> <span class='ocrx_word' id='word_1_150' title='bbox 1001 3315 1043 3380; x_wconf 92' lang='lat' dir='ltr'><strong>de</strong></span> <span class='ocrx_word' id='word_1_151' title='bbox 1074 3313 1193 3380; x_wconf 86' lang='lat' dir='ltr'><strong>Archie</strong></span> <span class='ocrx_word' id='word_1_152' title='bbox 1215 3317 1250 3379; x_wconf 90' lang='lat' dir='ltr'><strong>et</strong></span> <span class='ocrx_word' id='word_1_153' title='bbox 1279 3314 1473 3380; x_wconf 77' lang='lat' dir='ltr'><strong>comitatum</strong></span> <span class='ocrx_word' id='word_1_154' title='bbox 1495 3312 1537 3378; x_wconf 89' lang='lat' dir='ltr'><strong>de</strong></span> <span class='ocrx_word' id='word_1_155' title='bbox 1558 3312 1663 3378; x_wconf 83' lang='lat' dir='ltr'><strong>Albe·</strong></span> 
     </span>
     <span class='ocr_line' id='line_1_22' title="bbox 614 3414 1663 3504; baseline -0.003 -19"><span class='ocrx_word' id='word_1_156' title='bbox 614 3421 725 3497; x_wconf 84' lang='lat' dir='ltr'><strong>marla,</strong></span> <span class='ocrx_word' id='word_1_157' title='bbox 759 3418 889 3504; x_wconf 75' lang='lat' dir='ltr'><strong>elinque</strong></span> <span class='ocrx_word' id='word_1_158' title='bbox 919 3414 1054 3482; x_wconf 74' lang='lat' dir='ltr'><strong>castella</strong></span> <span class='ocrx_word' id='word_1_159' title='bbox 1084 3415 1200 3494; x_wconf 85' lang='lat' dir='ltr'><strong>muita,</strong></span> <span class='ocrx_word' id='word_1_160' title='bbox 1238 3437 1313 3502; x_wconf 82' lang='lat' dir='ltr'><strong>quae</strong></span> <span class='ocrx_word' id='word_1_161' title='bbox 1342 3419 1558 3502; x_wconf 86' lang='lat' dir='ltr'><strong>occupaverat</strong></span> <span class='ocrx_word' id='word_1_162' title='bbox 1587 3421 1663 3502; x_wconf 91' lang='lat' dir='ltr'><strong>post</strong></span> 
     </span>
     <span class='ocr_line' id='line_1_23' title="bbox 613 3517 1661 3605; baseline -0.005 -17"><span class='ocrx_word' id='word_1_163' title='bbox 613 3522 759 3588; x_wconf 89' lang='lat' dir='ltr'><strong>reditum</strong></span> <span class='ocrx_word' id='word_1_164' title='bbox 788 3541 885 3585; x_wconf 90' lang='lat' dir='ltr'><strong>suum</strong></span> <span class='ocrx_word' id='word_1_165' title='bbox 915 3518 956 3583; x_wconf 92' lang='lat' dir='ltr'><strong>de</strong></span> <span class='ocrx_word' id='word_1_166' title='bbox 985 3517 1258 3604; x_wconf 83' lang='lat' dir='ltr'><strong>peregrinatione.</strong></span> <span class='ocrx_word' id='word_1_167' title='bbox 1304 3517 1350 3584; x_wconf 86' lang='lat' dir='ltr'><strong>Et</strong></span> <span class='ocrx_word' id='word_1_168' title='bbox 1379 3540 1439 3584; x_wconf 89' lang='lat' dir='ltr'><strong>rex</strong></span> <span class='ocrx_word' id='word_1_169' title='bbox 1469 3517 1661 3605; x_wconf 89' lang='lat' dir='ltr'><strong>R[ioardus]</strong></span> 
     </span>
     <span class='ocr_line' id='line_1_24' title="bbox 614 3618 1661 3711; baseline -0.004 -23"><span class='ocrx_word' id='word_1_170' title='bbox 614 3624 727 3711; x_wconf 85' lang='lat' dir='ltr'><strong>quieta</strong></span> <span class='ocrx_word' id='word_1_171' title='bbox 758 3619 915 3687; x_wconf 83' lang='lat' dir='ltr'><strong>clamavit</strong></span> <span class='ocrx_word' id='word_1_172' title='bbox 947 3618 1018 3707; x_wconf 84' lang='lat' dir='ltr'><strong>regi</strong></span> <span class='ocrx_word' id='word_1_173' title='bbox 1039 3618 1243 3686; x_wconf 74' lang='lat' dir='ltr'><strong>Francorum</strong></span> <span class='ocrx_word' id='word_1_174' title='bbox 1272 3618 1410 3686; x_wconf 84' lang='lat' dir='ltr'><strong>castella</strong></span> <span class='ocrx_word' id='word_1_175' title='bbox 1443 3619 1484 3685; x_wconf 90' lang='lat' dir='ltr'><strong>de</strong></span> <span class='ocrx_word' id='word_1_176' title='bbox 1514 3619 1661 3685; x_wconf 84' lang='lat' dir='ltr'><strong>Gisorcio</strong></span> 
     </span>
     <span class='ocr_line' id='line_1_25' title="bbox 614 3721 1663 3809; baseline -0.003 -19"><span class='ocrx_word' id='word_1_177' title='bbox 614 3733 648 3790; x_wconf 87' lang='lat' dir='ltr'><strong>et</strong></span> <span class='ocrx_word' id='word_1_178' title='bbox 678 3723 756 3789; x_wconf 88' lang='lat' dir='ltr'><strong>locis</strong></span> <span class='ocrx_word' id='word_1_179' title='bbox 785 3722 936 3788; x_wconf 88' lang='lat' dir='ltr'><strong>finitimis</strong></span> <span class='ocrx_word' id='word_1_180' title='bbox 957 3721 1144 3809; x_wconf 77' lang='lat' dir='ltr'><strong>municipia</strong></span> <span class='ocrx_word' id='word_1_181' title='bbox 1205 3722 1252 3788; x_wconf 87' lang='lat' dir='ltr'><strong>Et</strong></span> <span class='ocrx_word' id='word_1_182' title='bbox 1280 3721 1494 3799; x_wconf 74' lang='lat' dir='ltr'><strong>haecomnia,</strong></span> <span class='ocrx_word' id='word_1_183' title='bbox 1519 3727 1559 3788; x_wconf 89' lang='lat' dir='ltr'><strong>ut</strong></span> <span class='ocrx_word' id='word_1_184' title='bbox 1587 3727 1663 3787; x_wconf 84' lang='lat' dir='ltr'><strong>rate</strong></span> 
     </span>
     <span class='ocr_line' id='line_1_26' title="bbox 611 3823 1661 3909; baseline -0.002 -18"><span class='ocrx_word' id='word_1_185' title='bbox 611 3827 819 3904; x_wconf 74' lang='lat' dir='ltr'><strong>haberentur,</strong></span> <span class='ocrx_word' id='word_1_186' title='bbox 852 3823 1077 3909; x_wconf 88' lang='lat' dir='ltr'><strong>fidejussiones</strong></span> <span class='ocrx_word' id='word_1_187' title='bbox 1117 3824 1162 3889; x_wconf 88' lang='lat' dir='ltr'><strong>ad</strong></span> <span class='ocrx_word' id='word_1_188' title='bbox 1198 3823 1340 3890; x_wconf 87' lang='lat' dir='ltr'><strong>invicem</strong></span> <span class='ocrx_word' id='word_1_189' title='bbox 1382 3823 1588 3904; x_wconf 89' lang='lat' dir='ltr'><strong>invenerunt,</strong></span> <span class='ocrx_word' id='word_1_190' title='bbox 1625 3828 1661 3889; x_wconf 84' lang='lat' dir='ltr'><strong>et</strong></span> 
     </span>
     <span class='ocr_line' id='line_1_27' title="bbox 611 3924 1660 4018; baseline -0.005 -23"><span class='ocrx_word' id='word_1_191' title='bbox 611 3951 743 4018; x_wconf 86' lang='lat' dir='ltr'><strong>poenam</strong></span> <span class='ocrx_word' id='word_1_192' title='bbox 757 3949 812 3992; x_wconf 85' lang='lat' dir='ltr'><strong>xv.</strong></span> <span class='ocrx_word' id='word_1_193' title='bbox 827 3925 957 3991; x_wconf 91' lang='lat' dir='ltr'><strong>milium</strong></span> <span class='ocrx_word' id='word_1_194' title='bbox 979 3947 1162 3991; x_wconf 84' lang='lat' dir='ltr'><strong>marcarum</strong></span> <span class='ocrx_word' id='word_1_195' title='bbox 1184 3927 1314 4014; x_wconf 84' lang='lat' dir='ltr'><strong>argenti</strong></span> <span class='ocrx_word' id='word_1_196' title='bbox 1334 3924 1423 3992; x_wconf 87' lang='lat' dir='ltr'><strong>inter</strong></span> <span class='ocrx_word' id='word_1_197' title='bbox 1441 3946 1476 3991; x_wconf 86' lang='lat' dir='ltr'><strong>ee</strong></span> <span class='ocrx_word' id='word_1_198' title='bbox 1495 3926 1660 3991; x_wconf 90' lang='lat' dir='ltr'><strong>communi</strong></span> 
     </span>
     <span class='ocr_line' id='line_1_28' title="bbox 611 4027 1659 4115; baseline -0.005 -18"><span class='ocrx_word' id='word_1_199' title='bbox 611 4051 744 4097; x_wconf 86' lang='lat' dir='ltr'><strong>assensu</strong></span> <span class='ocrx_word' id='word_1_200' title='bbox 769 4033 968 4096; x_wconf 82' lang='lat' dir='ltr'><strong>statuerunt</strong></span> <span class='ocrx_word' id='word_1_201' title='bbox 1023 4027 1224 4094; x_wconf 82' lang='lat' dir='ltr'><strong>Procedente</strong></span> <span class='ocrx_word' id='word_1_202' title='bbox 1254 4031 1365 4094; x_wconf 82' lang='lat' dir='ltr'><strong>autem</strong></span> <span class='ocrx_word' id='word_1_203' title='bbox 1394 4031 1550 4115; x_wconf 86' lang='lat' dir='ltr'><strong>tempore,</strong></span> <span class='ocrx_word' id='word_1_204' title='bbox 1584 4047 1659 4094; x_wconf 90' lang='lat' dir='ltr'><strong>curn</strong></span> 
     </span>
     <span class='ocr_line' id='line_1_29' title="bbox 611 4129 1657 4218; baseline -0.004 -19"><span class='ocrx_word' id='word_1_205' title='bbox 611 4157 671 4200; x_wconf 85' lang='lat' dir='ltr'><strong>rex</strong></span> <span class='ocrx_word' id='word_1_206' title='bbox 701 4131 860 4200; x_wconf 87' lang='lat' dir='ltr'><strong>Ricardue</strong></span> <span class='ocrx_word' id='word_1_207' title='bbox 889 4130 960 4196; x_wconf 85' lang='lat' dir='ltr'><strong>haec</strong></span> <span class='ocrx_word' id='word_1_208' title='bbox 990 4131 1102 4197; x_wconf 85' lang='lat' dir='ltr'><strong>omnia</strong></span> <span class='ocrx_word' id='word_1_209' title='bbox 1131 4129 1289 4218; x_wconf 74' lang='lat' dir='ltr'><strong>praedicte</strong></span> <span class='ocrx_word' id='word_1_210' title='bbox 1312 4129 1445 4217; x_wconf 81' lang='lat' dir='ltr'><strong>pacifice</strong></span> <span class='ocrx_word' id='word_1_211' title='bbox 1470 4130 1657 4218; x_wconf 84' lang='lat' dir='ltr'><strong>possideret,</strong></span> 
     </span>
     <span class='ocr_line' id='line_1_30' title="bbox 611 4231 1677 4318; baseline -0.007 -15"><span class='ocrx_word' id='word_1_212' title='bbox 611 4242 646 4303; x_wconf 90' lang='lat' dir='ltr'><strong>et</strong></span> <span class='ocrx_word' id='word_1_213' title='bbox 668 4233 780 4302; x_wconf 77' lang='lat' dir='ltr'><strong>idem⁹</strong></span> <span class='ocrx_word' id='word_1_214' title='bbox 801 4255 860 4300; x_wconf 84' lang='lat' dir='ltr'><strong>rex</strong></span> <span class='ocrx_word' id='word_1_215' title='bbox 875 4232 1036 4299; x_wconf 87' lang='lat' dir='ltr'><strong>Ricardus</strong></span> <span class='ocrx_word' id='word_1_216' title='bbox 1049 4233 1093 4299; x_wconf 87' lang='lat' dir='ltr'><strong>ad</strong></span> <span class='ocrx_word' id='word_1_217' title='bbox 1108 4231 1266 4298; x_wconf 86' lang='lat' dir='ltr'><strong>ulteriore</strong></span> <span class='ocrx_word' id='word_1_218' title='bbox 1279 4235 1314 4298; x_wconf 91' lang='lat' dir='ltr'><strong>et</strong></span> <span class='ocrx_word' id='word_1_219' title='bbox 1331 4231 1463 4318; x_wconf 87' lang='lat' dir='ltr'><strong>majore,</strong></span> <span class='ocrx_word' id='word_1_220' title='bbox 1479 4231 1600 4297; x_wconf 88' lang='lat' dir='ltr'><strong>scilicet</strong></span> <span class='ocrx_word' id='word_1_221' title='bbox 1614 4231 1677 4305; x_wconf 81' lang='lat' dir='ltr'><strong>ad,</strong></span> 
     </span>
     <span class='ocr_line' id='line_1_31' title="bbox 443 4332 1675 4460; baseline -0.009 -52"><span class='ocrx_word' id='word_1_222' title='bbox 443 4343 589 4460; x_wconf 55' lang='lat' dir='ltr'><strong>mom</strong></span> <span class='ocrx_word' id='word_1_223' title='bbox 612 4339 772 4404; x_wconf 87' lang='lat' dir='ltr'><strong>ultionem</strong></span> <span class='ocrx_word' id='word_1_224' title='bbox 809 4339 1044 4425; x_wconf 82' lang='lat' dir='ltr'><strong>praetectarum</strong></span> <span class='ocrx_word' id='word_1_225' title='bbox 1074 4333 1269 4421; x_wconf 78' lang='lat' dir='ltr'><strong>injuriarum</strong></span> <span class='ocrx_word' id='word_1_226' title='bbox 1298 4333 1466 4420; x_wconf 71' lang='lat' dir='ltr'><strong>aspiraret,</strong></span> <span class='ocrx_word' id='word_1_227' title='bbox 1498 4332 1675 4420; x_wconf 74' lang='lat' dir='ltr'><strong>poenituit,</strong></span> 
     </span>
     <span class='ocr_line' id='line_1_32' title="bbox 443 4418 1657 4528; baseline -0.007 -20"><span class='ocrx_word' id='word_1_228' title='bbox 443 4418 589 4526; x_wconf 52' lang='lat' dir='ltr'><strong>moessm</strong></span> <span class='ocrx_word' id='word_1_229' title='bbox 611 4463 721 4528; x_wconf 80' lang='lat' dir='ltr'><strong>regem</strong></span> <span class='ocrx_word' id='word_1_230' title='bbox 736 4439 936 4505; x_wconf 80' lang='lat' dir='ltr'><strong>Francorum</strong></span> <span class='ocrx_word' id='word_1_231' title='bbox 950 4437 1018 4503; x_wconf 84' lang='lat' dir='ltr'><strong>tale</strong></span> <span class='ocrx_word' id='word_1_232' title='bbox 1032 4437 1143 4502; x_wconf 88' lang='lat' dir='ltr'><strong>fecisse</strong></span> <span class='ocrx_word' id='word_1_233' title='bbox 1158 4435 1383 4504; x_wconf 90' lang='lat' dir='ltr'><strong>commercium</strong></span> <span class='ocrx_word' id='word_1_234' title='bbox 1395 4458 1404 4515; x_wconf 91' lang='lat'>;</span> <span class='ocrx_word' id='word_1_235' title='bbox 1426 4439 1461 4501; x_wconf 89' lang='lat' dir='ltr'><strong>et</strong></span> <span class='ocrx_word' id='word_1_236' title='bbox 1480 4435 1657 4522; x_wconf 81' lang='lat' dir='ltr'><strong>magnum⁸</strong></span> 
     </span>
    </p>
   </div>
   <div class='ocr_carea' id='block_1_7' title="bbox 442 4536 1655 4629">
    <p class='ocr_par' dir='ltr' id='par_1_11' title="bbox 442 4536 1655 4629">
     <span class='ocr_line' id='line_1_33' title="bbox 442 4536 1655 4629; baseline -0.006 -19"><span class='ocrx_word' id='word_1_237' title='bbox 442 4543 519 4594; x_wconf 75' lang='lat' dir='ltr'><strong>them.</strong></span> <span class='ocrx_word' id='word_1_238' title='bbox 611 4563 788 4629; x_wconf 85' lang='lat' dir='ltr'><strong>congerens</strong></span> <span class='ocrx_word' id='word_1_239' title='bbox 810 4540 1001 4618; x_wconf 86' lang='lat' dir='ltr'><strong>exercitum,</strong></span> <span class='ocrx_word' id='word_1_240' title='bbox 1024 4538 1299 4606; x_wconf 84' lang='lat' dir='ltr'><strong>Albam-merlam</strong></span> <span class='ocrx_word' id='word_1_241' title='bbox 1319 4536 1487 4603; x_wconf 87' lang='lat' dir='ltr'><strong>obsidione</strong></span> <span class='ocrx_word' id='word_1_242' title='bbox 1507 4536 1655 4603; x_wconf 76' lang='lat' dir='ltr'><strong>vallavit</strong></span> 
     </span>
    </p>
   </div>
   <div class='ocr_carea' id='block_1_8' title="bbox 609 4785 1567 5014">
    <p class='ocr_par' dir='ltr' id='par_1_12' title="bbox 609 4785 1567 5014">
     <span class='ocr_line' id='line_1_34' title="bbox 643 4785 1450 4853; baseline -0.009 -10"><span class='ocrx_word' id='word_1_243' title='bbox 643 4789 1110 4843; x_wconf 70' lang='lat' dir='ltr'><strong>¹Ms.r.s0nomtetextor1ac.</strong></span> <span class='ocrx_word' id='word_1_244' title='bbox 1189 4786 1285 4853; x_wconf 61' lang='grc' dir='ltr'>Πάθη]</span> <span class='ocrx_word' id='word_1_245' title='bbox 1303 4785 1450 4838; x_wconf 85' lang='lat' dir='ltr'><strong>Interlined.</strong></span> 
     </span>
     <span class='ocr_line' id='line_1_35' title="bbox 609 4863 1567 4935; baseline -0.007 -13"><span class='ocrx_word' id='word_1_246' title='bbox 609 4873 674 4922; x_wconf 84' lang='lat' dir='ltr'><strong>t‘rom</strong></span> <span class='ocrx_word' id='word_1_247' title='bbox 701 4870 751 4921; x_wconf 83' lang='lat' dir='ltr'><strong>this</strong></span> <span class='ocrx_word' id='word_1_248' title='bbox 778 4869 881 4935; x_wconf 79' lang='lat' dir='ltr'><strong>chaptcr</strong></span> <span class='ocrx_word' id='word_1_249' title='bbox 907 4877 934 4919; x_wconf 81' lang='lat' dir='ltr'><strong>to</strong></span> <span class='ocrx_word' id='word_1_250' title='bbox 955 4867 998 4919; x_wconf 77' lang='lat' dir='ltr'><strong>ane</strong></span> <span class='ocrx_word' id='word_1_251' title='bbox 1014 4869 1111 4919; x_wconf 84' lang='lat' dir='ltr'><strong>bottom</strong></span> <span class='ocrx_word' id='word_1_252' title='bbox 1189 4866 1334 4932; x_wconf 51' lang='grc' dir='ltr'><strong>Ἥβη]</strong></span> <span class='ocrx_word' id='word_1_253' title='bbox 1353 4863 1567 4932; x_wconf 77' lang='lat' dir='ltr'><strong>mangnnm,MS.</strong></span> 
     </span>
     <span class='ocr_line' id='line_1_36' title="bbox 609 4953 730 5014; baseline -0.017 -12"><span class='ocrx_word' id='word_1_254' title='bbox 609 4953 639 5002; x_wconf 82' lang='lat' dir='ltr'><strong>of</strong></span> <span class='ocrx_word' id='word_1_255' title='bbox 653 4955 730 5014; x_wconf 84' lang='lat' dir='ltr'><strong>p.⁵8.</strong></span> 
     </span>
    </p>
   </div>
   <div class='ocr_carea' id='block_1_9' title="bbox 0 0 2126 6156">
    <p class='ocr_par' dir='ltr' id='par_1_13' title="bbox 0 0 2126 6156">
     <span class='ocr_line' id='line_1_37' title="bbox 0 0 2126 6156; baseline 0 0"><span class='ocrx_word' id='word_1_256' title='bbox 0 0 2126 6156; x_wconf 95' lang='lat' dir='ltr'><strong> </strong></span> 
     </span>
    </p>
   </div>
  </div>
 </body>
</html>
