4242 6159
592 1019 655 1083 134
730 1031 893 1081 sumum
915 1024 1128 1079 rss1srsss1's
1151 1030 1315 1081 ursrosm
1338 1025 1535 1079 suanorum.

424 1217 492 1270 al).
508 1224 578 1271 1213.
590 1229 716 1296 scopus,
737 1208 780 1273 ab
804 1207 968 1273 Hibernia
984 1208 1055 1295 jam
1079 1206 1273 1285 adduxerat,
1290 1230 1364 1273 cum
1379 1228 1478 1272 manu
1493 1204 1657 1294 pedestri.

590 1310 784 1378 numerosa¹
832 1310 1020 1377 Constituit
1041 1332 1101 1377 rex
1125 1316 1283 1398 praeterea
1304 1334 1377 1377 cum
1404 1309 1555 1375 hostibus
1580 1329 1828 1409 lla-Ropwend.

591 1416 665 1480 vale
687 1415 811 1479 bellum
840 1436 1016 1493 conserere,
1047 1420 1088 1479 ut
1119 1436 1174 1480 eos
1196 1415 1231 1479 in
1263 1413 1379 1502 pelago
1407 1412 1639 1498 submergeret,
1679 1412 1715 1447 ¹¹¹·
1730 1404 1795 1449 ²⁴⁶⁴

592 1524 770 1605 antequam
793 1518 919 1584 aridam
944 1524 1150 1605 occuparent.

786 1726 836 1793 Dc
859 1727 1008 1795 recinente
1029 1726 1237 1815 Pcsodulplii
1260 1726 1306 1795 ccl
1328 1750 1444 1815 repens.

426 1890 560 1958 Pandulph
638 1874 727 1941 Dum
763 1879 878 1943 autem
908 1899 969 1943 rex
997 1876 1184 1965 Anglorum
1217 1898 1292 1943 cum
1322 1878 1496 1943 innumera
1528 1898 1636 1941 arma·
1654 1896 1826 1965 liupatone

425 1960 544 2078 ἓξὲξ)
593 1983 703 2044 torum
725 1980 819 2066 copia
840 1980 927 2067 regis
953 1978 1156 2045 Francorum
1186 1980 1431 2067 praestolaretur
1453 1979 1642 2056 adventum,
1680 1965 1718 2017 fii·
1732 1972 1794 2017 ²⁴⁶·

426 2064 568 2174 requiam
593 2082 824 2170 applicuerunt
846 2082 913 2147 duo
943 2082 1062 2149 fratres
1085 2083 1127 2149 de
1156 2083 1279 2149 militia
1307 2083 1437 2170 Templi
1465 2082 1553 2170 apud
1576 2082 1644 2147 Do-

425 2170 563 2213 m‘m'·
592 2207 714 2263 veram,
749 2190 786 2250 et
817 2185 989 2251 venientes
1015 2186 1060 2251 ad
1094 2208 1212 2274 regem,
1236 2186 1457 2253 amicabiliter
1487 2186 1643 2252 dixerunt

593 2289 631 2367 ei,
654 2296 672 2323 ‘¹
687 2287 860 2353 Mittimur
880 2288 924 2354 ad
949 2292 984 2353 te
1006 2310 1050 2353 ex
1073 2294 1168 2376 parte
1195 2289 1394 2377 Pandulphi,
1418 2290 1475 2377 qui
1498 2311 1557 2377 pro
1578 2288 1643 2353 uti-

591 2391 687 2455 litate
724 2396 836 2455 vestra
869 2390 1038 2457 vobiscum
1069 2392 1162 2479 cupit
1192 2392 1313 2460 habere
1343 2393 1550 2481 colloquium,
1586 2391 1644 2477 qui

591 2498 753 2581 proponet
775 2493 841 2558 tibi
866 2494 957 2559 viam
986 2495 1272 2578 reconciliationis,
1293 2496 1372 2563 licet
1401 2497 1438 2563 in
1468 2496 1559 2563 curia
1580 2494 1644 2560 Ro·

593 2618 692 2661 mana
714 2618 735 2661 a
763 2597 840 2683 jure
869 2597 963 2684 regni
989 2597 1122 2685 Angliae
1145 2598 1246 2666 fueris
1268 2599 1476 2685 abjudicatus
1507 2604 1541 2664 et
1570 2619 1643 2662 sen-

593 2700 779 2766 tentialiter
801 2699 1106 2790 condempnatus.'’²
1150 2702 1247 2783 Quod
1266 2724 1341 2769 cum
1367 2704 1437 2791 regi
1459 2701 1663 2789 placuisset.

428 2810 554 2891 neufges
594 2803 766 2869 redicnmt
780 2802 957 2890 Templarii
972 2826 1033 2891 pro
1048 2803 1254 2891 Pandulpho.
1300 2805 1407 2886 Quem
1430 2826 1504 2869 cum
1519 2802 1662 2869 addan.

426 2879 577 2999 fflffi
593 2904 707 2985 issent,
722 2904 811 2970 dixit
832 2904 920 2971 idem
944 2904 1191 2994 P[andulphus]
1216 2908 1295 2995 regi,
1319 2916 1335 2942 “
1351 2908 1443 2986 Eoos,
1457 2929 1516 2973 rex
1542 2905 1645 2970 Fran·

428 3013 508 3062 tone
594 3030 704 3075 corum
726 3008 972 3096 potentissimus
993 3010 1029 3075 in
1055 3010 1140 3076 ostio
1163 3008 1347 3097 Sequanae⁸
1370 3032 1445 3076 cum
1475 3010 1646 3075 innumera

428 3078 531 3133 mm·
593 3112 731 3177 navium
761 3110 984 3192 multitudine,
1008 3118 1043 3178 et
1073 3112 1199 3199 majora
1228 3118 1414 3201 expectans,
1446 3117 1583 3201 paratur
1612 3116 1664 3176 te.
1683 3118 1827 3201 wenc.

591 3214 757 3295 invadere,
781 3214 875 3301 quusi
897 3214 969 3282 Deo
999 3219 1034 3281 et
1062 3216 1207 3283 ecelesiae
1229 3220 1352 3283 sanctes
1379 3210 1589 3282 universali⁴
1612 3218 1664 3283 et.
1692 3200 1729 3239 ¹¹¹·
1744 3194 1807 3241 ²⁴⁷·

594 3340 687 3405 papae
731 3316 896 3399 rebellem,
933 3340 1087 3383 coronam
1125 3318 1258 3406 anglia
1303 3320 1499 3386 auctoritate
1536 3316 1666 3405 papali·

595 3421 783 3507 adepturus
841 3419 992 3487 Veniunt
1023 3420 1126 3487 etiam
1158 3443 1233 3487 cum
1267 3420 1324 3488 illo
1356 3444 1468 3489 omnes
1503 3419 1666 3508 episcopi·

596 3522 727 3609 Anglise
749 3523 932 3610 proscripti,
956 3544 1031 3590 cum
1061 3522 1186 3590 clericis
1222 3528 1256 3589 et
1285 3524 1378 3591 laicis
1410 3544 1468 3612 per
1500 3528 1535 3591 to
1569 3544 1648 3588 exu-

596 3625 754 3707 lantibus,
775 3629 826 3706 nt,
848 3625 920 3712 ipso
954 3624 1045 3709 duce,
1080 3625 1174 3693 sedes
1208 3626 1407 3715 episcopales
1443 3648 1518 3694 cum
1552 3626 1648 3691 rebus

597 3728 672 3792 aliis
692 3732 727 3792 te
748 3726 856 3793 invito
878 3727 1046 3816 recipiant
1093 3728 1209 3797 lactat
1235 3752 1270 3797 se
1292 3736 1450 3819 praetcrea
1476 3728 1567 3797 idem
1588 3750 1648 3794 rex

597 3836 704 3898 cartas
725 3831 846 3897 habere
869 3832 1016 3898 omnium
1037 3832 1104 3899 fere
1127 3834 1259 3923 Anglise
1281 3842 1477 3925 magnatum
1503 3833 1545 3900 de
1571 3832 1649 3899 fide·

596 3934 693 4002 litate
738 3938 773 4001 et
818 3935 1027 4022 subjectione,
1074 3937 1114 4003 de
1160 3960 1319 4005 consensu
1363 3943 1398 4005 et
1436 3936 1667 4005 conniventia.

600 4038 725 4104 domini
763 4059 866 4125 papae,
894 4039 983 4104 unde
1013 4039 1143 4127 plenam
1181 4041 1324 4129 concipit
1361 4042 1570 4108 securitatem
1606 4038 1669 4103 orl·

600 4145 700 4210 finem
723 4142 898 4229 perducere
920 4143 1009 4229 quod
1042 4144 1165 4232 incepit
1188 4145 1418 4213 desideratum
1479 4146 1518 4213 si
1539 4150 1651 4210 tamen

601 4248 708 4313 adhuc
729 4244 944 4311 sufficientem
966 4253 1123 4334 praestare
1146 4248 1289 4315 volueris
1312 4249 1498 4317 cautionem
1525 4248 1651 4337 judicio

601 4349 743 4416 ccclesias
776 4349 913 4436 parendi
946 4355 980 4415 et
1010 4350 1187 4431 humiliari,
1218 4354 1341 4440 poteris
1377 4352 1484 4419 adhuc
1513 4374 1555 4417 ex
1588 4350 1650 4417 cle·

602 4453 727 4518 mentia
748 4452 835 4517 sedis
857 4452 1045 4539 apostolicae
1068 4476 1206 4542 regnum
1233 4478 1431 4543 recuperare,
1455 4480 1475 4521 a
1497 4477 1562 4543 quo
1592 4475 1651 4543 pro

603 4557 808 4622 contumacia
831 4557 947 4623 Romae
969 4554 1179 4642 abjudicatus
1201 4560 1324 4625 fusti?

930 4702 1294 4709 -—-.-—--..——.—.-..
1346 4704 1381 4711 -ρο-

638 4758 645 4786 ¹
657 4754 832 4808 adduxerat..
845 4793 851 4807 .
863 4794 870 4807 .
888 4758 1028 4824 numm]
1047 4758 1105 4810 Tho
1183 4762 1193 4789 ³
1207 4758 1340 4826 Sequano]
1355 4760 1390 4812 So
1401 4760 1455 4812 also
1465 4760 1495 4811 E.
1524 4760 1556 4809 In
1568 4760 1609 4811 W.
1619 4760 1650 4809 B.

604 4835 660 4885 first
670 4838 740 4884 word
751 4837 773 4885 is
784 4852 817 4885 on
831 4852 864 4885 an
881 4852 989 4898 erasure,
1001 4840 1052 4889 and
1064 4838 1106 4887 llic
1151 4838 1180 4889 C.
1192 4837 1309 4901 flaminis
1329 4840 1351 4889 is
1373 4841 1463 4901 added,
1483 4854 1510 4890 ss
1527 4839 1610 4905 again,
1627 4854 1651 4904 p.

604 4923 655 4965 rest
666 4917 745 4965 sddcd
755 4916 782 4964 in
793 4931 874 4981 marg.
1155 4922 1209 4970 1³7.

637 4994 851 5061 ¹cordempaatus]
864 4996 1106 5063 condepnatmlllS.
1186 4998 1194 5027 ¹
1207 4996 1353 5064 autumali]
1374 4999 1416 5051 On
1428 5013 1461 5050 sn
1473 5012 1580 5051 erasure.
