4242 6159
602 1017 645 1078 44
723 1031 890 1080 uerrunt
912 1028 1125 1080 ranlsmums
1146 1027 1310 1078 merome
1333 1025 1534 1076 auctorum

432 1207 500 1258 ab.
517 1201 761 1266 mundarentur
781 1206 917 1266 centum
931 1199 1165 1288 quadraginta¹
1186 1198 1279 1266 milia
1304 1217 1488 1265 marcarum
1510 1195 1651 1284 argenti,

600 1303 644 1368 ad
664 1303 794 1391 pondus
806 1303 1054 1370 Coloniensium
1066 1301 1090 1385 3⁹
1112 1326 1187 1390 quae
1203 1302 1313 1369 omnia
1328 1305 1407 1368 ante
1422 1299 1667 1366 liberationem.

598 1406 708 1472 forent
730 1407 894 1482 solvenda,
909 1406 968 1487 et,⁸
985 1411 1166 1494 antequam
1189 1405 1277 1472 inter
1298 1425 1354 1471 eos
1374 1402 1575 1480 conveniret,
1591 1423 1667 1467 ex-.

598 1508 702 1596 ceptis
724 1510 876 1597 expensis
897 1509 975 1575 hine
996 1508 1075 1575 inde
1095 1509 1261 1575 faciendis.
1305 1507 1497 1574 Praestitum
1519 1527 1667 1592 quoque·

598 1617 649 1678 est
663 1618 904 1678 sacramentum
919 1612 962 1678 ab
984 1611 1156 1699 episcopis,
1173 1611 1311 1678 ducibus
1333 1633 1371 1676 ac
1393 1608 1579 1687 baronibus,
1596 1608 1649 1674 die

597 1716 818 1803 apostolorum
843 1715 935 1782 Petri
957 1719 993 1780 et
1017 1715 1121 1792 Pauli,
1138 1719 1185 1793 ut,
1209 1713 1409 1801 quamcitius
1431 1710 1650 1800 praenomins·

597 1823 667 1883 tam
690 1819 864 1907 pecuniam
886 1840 947 1884 rex
976 1817 1193 1905 persolvisset,
1218 1817 1376 1882 continuo
1407 1814 1492 1881 liber
1513 1813 1556 1880 sd
1577 1835 1652 1901 pro-

597 1921 670 2008 pria
691 1927 859 1988 remearet.
904 1921 1038 1986 Perleta
1065 1925 1177 1986 autem
1208 1920 1244 1984 in
1274 1919 1433 2006 Angliam
1456 1916 1554 2004 hujus
1576 1939 1651 1982 con-

597 2023 716 2091 cordiae
739 2022 906 2090 sententie
928 2046 949 2088 a
970 2023 1056 2111 regis
1072 2021 1273 2100 cancellario,
1289 2019 1497 2107 W[illelmo],
1514 2019 1651 2106 Elyensi

596 2127 755 2214 episcopo,
779 2127 838 2213 qui
858 2127 971 2192 literas
993 2126 1080 2214 regis
1103 2147 1176 2192 cum
1203 2125 1295 2191 bulla
1316 2122 1528 2212 imperatoris
1549 2144 1650 2188 aurea

597 2249 706 2294 secum
721 2229 852 2305 detulit,
874 2228 950 2294 ilico
972 2229 1057 2294 exiit
1080 2228 1224 2294 edictum
1246 2249 1267 2292 a
1286 2225 1480 2313 justiciariis
1501 2223 1596 2312 regis,
1611 2229 1651 2289 ut

598 2353 710 2399 omnes
732 2331 882 2418 episcopi,
898 2331 1015 2409 clerici,
1035 2331 1171 2396 comites
1192 2336 1228 2396 et
1250 2329 1398 2405 barones,
1412 2326 1564 2406 abbatim,
1581 2326 1651 2392 sive
1672 2409 1678 2422 ·

598 2434 771 2521 prioratus,
794 2439 948 2520 quartam
971 2441 1099 2521 partem
1121 2433 1313 2499 reddituum
1344 2453 1477 2498 suornm
1500 2430 1543 2496 ad
1565 2430 1650 2518 regis

598 2537 783 2603 conferrent
813 2536 1093 2625 redemptionem3
1116 2536 1252 2624 insuper
1273 2536 1317 2602 ad
1338 2535 1409 2612 hoc,
1442 2533 1575 2600 ecclesia
1598 2556 1649 2599 cc·
1677 2546 1719 2597 fol.
1733 2553 1765 2598 sa
1779 2567 1806 2602 a.

597 2641 675 2707 lices
697 2639 847 2707 eontulit
895 2639 985 2706 Ordo
1008 2639 1235 2706 Cisterciensis
1257 2637 1367 2704 lanam
1387 2627 1531 2704 contulit
1549 2636 1649 2703 unius
1674 2717 1679 2728 .

597 2743 685 2808 anni.
717 2743 823 2808 Nulla
844 2742 986 2822 ecclesia,
1001 2743 1113 2808 nullus
1135 2743 1215 2809 ordo
1238 2741 1478 2830 praetermissus
1492 2745 1550 2806 est.
1588 2740 1611 2806 J
1614 2764 1647 2805 o·

596 2845 721 2912 hannes
736 2867 824 2924 vero,
840 2844 1061 2912 Norwieensis
1084 2845 1264 2933 episcopus,
1285 2867 1344 2933 per
1363 2849 1471 2911 totam
1493 2843 1648 2910 diocesim

595 2971 689 3014 suam
712 2949 888 3014 dimidium
908 2949 1009 3036 pretii
1035 2950 1077 3015 de
1102 2948 1257 3015 calicibus
1283 2948 1326 3014 ad
1356 2947 1417 3014 hoc
1439 2947 1589 3036 sumpsit,
1613 2953 1648 3013 et

597 3052 772 3118 dimidium
794 3051 836 3118 de
859 3051 1014 3127 thesemo
1036 3072 1096 3117 suo
1119 3052 1335 3139 adquietevit.
1381 3051 1496 3117 Abbas
1516 3073 1664 3138 quoquc.

597 3155 711 3221 Sancti
733 3155 857 3221 Aibcni
880 3155 1037 3221 Warinns
1059 3177 1172 3221 omnes
1196 3176 1264 3221 susc
1287 3153 1430 3220 ecelesiae
1453 3161 1488 3220 ct
1512 3155 1664 3225 diocesis.

428 3267 515 3333 ungo,
596 3258 806 3345 adquietavit
828 3259 870 3324 de
885 3281 953 3340 suo,
970 3281 994 3324 c
1010 3279 1135 3324 marcos
1150 3255 1367 3324 conferendo.⁴
1412 3256 1539 3324 Eodem
1563 3263 1645 3323 tem·

427 3336 558 3461 ξιζξζξξί
596 3360 699 3450 pore⁵
731 3362 842 3449 Euge,
868 3361 1051 3428 Oestrensis
1081 3361 1259 3450 episcopus,
1282 3381 1355 3426 cum
1388 3361 1517 3448 magnis
1546 3383 1646 3426 exen-

428 3471 563 3521 isrobued.
596 3464 670 3543 niis,
694 3487 770 3551 quie
802 3486 930 3530 summo
960 3464 1072 3530 studio
1104 3469 1349 3552 praeparaverat
1383 3464 1427 3528 ad
1456 3486 1537 3552 opus
1560 3463 1647 3550 regis

597 3569 741 3647 Rirardi,
765 3568 846 3633 dum
879 3589 981 3654 prope
1014 3567 1231 3633 Osntunrirm
1266 3567 1454 3654 quiesceret,
1485 3568 1525 3632 dc
1551 3573 1647 3634 nocte

427 3680 549 3736 Matthew
596 3671 847 3758 comprehensus
878 3670 975 3737 bonis
1008 3669 1162 3737 omnibus
1200 3670 1368 3756 spoliatur.
1417 3670 1581 3736 Mathaeus
1607 3669 1648 3737 de

427 3751 551 3812 ‘¹⁰⁰¹⁰¹⁸‘
598 3773 704 3854 Olera,
731 3774 900 3861 municeps
931 3773 1140 3855 Doverensis‚
1164 3771 1375 3860 praedonibus
1405 3773 1472 3838 illis
1501 3773 1647 3839 favorem

427 3820 556 3869 constable

427 3885 560 3947 urbevet,
596 3876 754 3964 praestitit
769 3882 804 3944 et
826 3876 999 3955 auxilium,
1022 3876 1112 3943 unde
1138 3876 1181 3942 ab
1204 3876 1445 3964 archiepiscopo
1462 3899 1649 3944 excommu-

426 3967 571 4072 lempna·
596 3979 734 4048 nicatur.

908 4188 957 4255 De
979 4193 1085 4255 morte
1107 4185 1328 4256 dulcitudiai.

640 4337 704 4402 Per
725 4336 812 4403 idem
842 4341 971 4424 tempus
994 4333 1222 4414 Salabedinus,
1248 4336 1500 4402 Sarracencrum
1530 4339 1661 4422 poten,
1680 4355 1816 4416 tivene.

595 4438 751 4519 tissimus,
773 4439 923 4527 publicus
949 4439 1100 4504 veritatis
1134 4443 1169 4504 et
1202 4437 1306 4504 crucis
1339 4437 1500 4520 inimicus,
1528 4437 1645 4503 divina
1699 4429 1738 4480 ffl-
1752 4435 1793 4482 ⁷⁵·

675 4593 771 4598 .-“.-.
784 4593 799 4599 -
812 4589 1189 4598 -...-.--.-..-.--....---..--
1205 4589 1248 4594 -..ι
1265 4589 1273 4594 -
1380 4589 1384 4594 .
1400 4591 1407 4594 ,
1436 4589 1511 4596 ,..,-.,,

627 4665 634 4695 ¹
647 4662 824 4730 quodrapirta]
846 4663 1038 4728 quinquaginta,
1049 4660 1095 4712 Di·
1117 4674 1122 4802 Ι
1176 4661 1217 4711 ‘a
1230 4663 1491 4730 marrascorserendo]
1511 4664 1603 4716 Added
1614 4663 1641 4714 in

1141 4755 1229 4805 marg..
1243 4741 1293 4790 aud
1304 4740 1331 4791 in
1343 4749 1398 4792 text
1410 4743 1476 4794 ors.

593 4776 656 4830 ceto,
665 4769 712 4819 col.
724 4771 781 4827 670,
792 4767 842 4818 and
850 4767 1015 4832 Cossiiffihssler
1022 4783 1046 4832 P·
1056 4770 1095 4818 ⁷⁴¹
1175 4819 1229 4868 ³1„
1247 4820 1277 4873 F,
1296 4821 1346 4872 tbi,
1364 4821 1386 4872 ig
1406 4825 1478 4873 mado,
1498 4840 1512 4874 a
1530 4829 1643 4888 separato
1757 4822 1759 4830 ’

626 4872 834 4939 ²Ccionierer‘um]
847 4871 1094 4936 Coloneusium,MS.
1116 4805 1120 4926 i
1141 4899 1253 4964 chapter,
1282 4900 1345 4952 with
1372 4916 1388 4950 a
1415 4902 1500 4952 rubrio
1521 4903 1642 4969 prefixed,

626 4981 635 5008 ¹
647 4978 682 5045 ct]
702 4978 848 5030 Interiincd.
1117 5016 1119 5030 .
1142 4979 1218 5030 taken
1230 4979 1295 5030 from
1307 4979 1337 5032 C.
