4242 6159
572 1042 637 1105 362
703 1050 869 1102 ulmam
891 1050 1105 1104 alemanam
1126 1052 1288 1104 maroam
1309 1052 1510 1105 lucrorum

406 1238 475 1289 nl).
489 1243 562 1290 raca.
573 1224 715 1290 bellator
744 1224 912 1313 providus,
933 1230 1012 1293 ante
1043 1226 1132 1313 regis
1161 1226 1344 1293 adveutum
1373 1229 1527 1293 armenta
1548 1222 1624 1289 sub·

404 1328 564 1448 &Maso
575 1332 726 1394 traxerat
748 1338 783 1394 et
802 1328 964 1396 victualia
975 1353 986 1410 ;
1015 1329 1105 1395 unde
1126 1350 1187 1397 rex
1208 1351 1268 1418 pro
1291 1330 1545 1399 necessariorum
1567 1327 1623 1393 de·

404 1412 537 1515 &⁰0⁰ssss
575 1432 665 1497 fectu
686 1453 814 1499 moram
845 1432 894 1499 ibi
927 1432 1033 1501 faeere
1066 1455 1133 1500 non
1166 1434 1289 1513 valens,
1312 1434 1356 1501 ad
1389 1432 1559 1501 castellum
1581 1430 1623 1495 de

404 1534 547 1609 morabut
575 1535 763 1604 Grosmund
792 1558 867 1604 cum
898 1538 1045 1603 exercitu
1075 1558 1134 1603 auo
1168 1536 1315 1604 divertit
1361 1536 1432 1604 Ubi
1458 1558 1533 1603 cum
1563 1554 1624 1621 per

403 1612 524 1728 {lizinio
574 1638 642 1705 dies
665 1639 795 1726 aliquot
829 1662 957 1707 moram
990 1640 1218 1729 protraxisset,
1241 1639 1453 1707 Mmescallus
1486 1644 1521 1704 et
1554 1636 1624 1722 ejus

404 1739 551 1853 affiget
573 1742 787 1809 confoederati
809 1765 883 1810 cum
913 1744 1104 1831 proscriptis
1129 1744 1172 1811 ab
1195 1742 1326 1831 Anglio,
1346 1744 1454 1810 missis
1475 1741 1625 1829 explora-

550 1840 708 1925 'toribra
730 1852 770 1911 ut
801 1848 1008 1936 cognovisset
1036 1870 1148 1935 regem
1180 1847 1269 1913 infra
1302 1846 1428 1915 castelli
1460 1844 1624 1911 ambitum

572 1955 772 2038 pernoctare,
795 1956 829 2015 et
861 1950 1018 2036 majorem
1052 1956 1182 2039 partem
1213 1950 1378 2017 exercitus
1411 1948 1449 2013 in
1471 1946 1624 2015 tentoriis

571 2051 797 2141 expectando¹
821 2055 990 2133 excubare,
1013 2054 1118 2119 omnis
1141 2053 1332 2133 multitudo,
1353 2058 1476 2141 praeter
1499 2052 1623 2117 Mares-

575 2157 706 2239 oallum,
731 2157 790 2245 qui
811 2180 921 2245 regem
944 2158 1103 2225 invadere
1126 2157 1244 2239 noluit,
1268 2178 1342 2224 cum
1358 2155 1567 2221 Walensibus
1589 2158 1624 2220 et

425 2272 452 2321 ιι
465 2268 531 2323 Nor.
571 2261 722 2327 exercitu
744 2260 884 2347 copioso,
909 2261 963 2328 die
991 2260 1099 2327 sancti
1129 2260 1271 2327 Martini
1300 2264 1376 2347 post
1398 2258 1624 2345 crepusculum

570 2362 650 2431 illuc
670 2368 894 2451 properantes,
911 2370 945 2430 et
966 2364 1119 2451 illos,qui
1140 2364 1178 2431 in
1193 2363 1348 2431 tentoriis
1370 2362 1514 2451 soporati
1533 2362 1623 2449 jace·

571 2465 663 2545 bant,
684 2466 879 2535 invadentes
900 2466 1021 2549 subito,
1044 2489 1145 2554 equos
1176 2467 1305 2534 circiter
1327 2466 1526 2553 quingentos
1548 2488 1623 2533 cum

570 2568 702 2635 clitellis
724 2574 759 2635 et
783 2570 896 2657 spoliis
917 2592 957 2637 ac
978 2568 1199 2658 supellectili²
1214 2571 1308 2637 varia
1329 2575 1522 2658 rapuerunt,
1537 2567 1624 2657 fugi-

570 2672 704 2739 entibus
726 2674 842 2740 ceteris
869 2672 936 2740 fere
965 2673 1075 2755 nudis,
1098 2695 1164 2761 quo
1186 2673 1330 2761 impetus
1353 2695 1515 2760 quemque
1536 2672 1622 2759 rapi·

570 2775 656 2844 ebat
700 2776 772 2844 Nec
786 2800 830 2843 ex
844 2778 891 2843 eis
906 2778 1095 2865 qnempiam
1111 2776 1230 2845 laedere
1245 2777 1299 2844 vel
1314 2782 1446 2865 captum
1462 2776 1623 2843 abducere

569 2880 755 2960 voluerunt,
770 2886 892 2969 praeter
907 2882 988 2949 duos
1002 2881 1135 2961 milites,
1152 2880 1211 2969 qui
1224 2880 1400 2947 indiscrete
1415 2879 1644 2963 rebellantes„

569 2984 681 3072 potius
703 3008 724 3051 o
745 2985 930 3073 semetipsis
952 3007 1053 3072 quam
1083 2984 1125 3051 ab
1149 2984 1224 3051 aliis
1246 2989 1325 3051 sunt
1346 2983 1522 3053 interfecti
1568 2983 1795 3065 Et‚·R·Wend·

569 3088 634 3154 hiis
657 3088 707 3155 ita
727 3090 838 3177 gestia,
862 3110 921 3157 rex
944 3089 1157 3157 Gloverniam
1179 3092 1231 3157 est
1253 3110 1410 3157 reversus.
1669 3072 1704 3109 Π·
1717 3060 1775 3109 ²⁷⁹·

648 3438 697 3512 Dc
718 3440 826 3511 Domo
851 3442 1099 3513 Ooaoeraoooot
1121 3437 1318 3511 tondentis
1339 3439 1551 3511 aamercort?

405 3604 521 3659 Unueuu
619 3590 713 3658 Circa
735 3592 823 3659 idem
846 3599 984 3681 tempus,
999 3616 1111 3661 mense
1134 3592 1257 3660 scilicet
1279 3592 1487 3672 Novembris,
1510 3592 1646 3657 audita·
1664 3587 1782 3707 Cxssvllgss·

404 3675 520 3725 nunde.
574 3700 653 3761 sunt
694 3695 846 3762 tonitrua
882 3697 1067 3776 horribilia,
1106 3698 1142 3762 in
1188 3697 1297 3777 triste,
1329 3697 1407 3784 quio
1441 3695 1479 3761 in
1515 3696 1646 3761 medio·
1666 3672 1768 3775 ῑιὲῗςζ

402 3814 492 3894 rrenry
572 3798 713 3880 hiemis,⁴
734 3801 934 3889 praesagium
967 3808 1091 3868 terram
1120 3800 1389 3867 inhabitantium.
1435 3798 1699 3887 Eodemqueos
1711 3810 1757 3858 1²1
1771 3804 1795 3857 b·

403 3882 551 4001 {ffifsor
573 3925 661 3969 anno
684 3924 744 3969 rex
758 3904 944 3992 Anglorum
961 3903 1157 3992 H[enricua]
1180 3903 1247 3970 ΙΙΙ.
1263 3904 1428 3992 quandam
1452 3904 1642 3971 decentem.

401 4020 536 4069 converser
572 4006 739 4073 ecclesiam
754 4013 789 4073 et
808 4008 1054 4096 congregationi
1076 4007 1289 4074 conventuali
1310 4006 1532 4087 sufficientem,
1547 4029 1643 4074 cum.

402 4084 480 4137 Jews
572 4110 772 4196 quibusdam
805 4110 952 4177 aedificiis
983 4110 1220 4197 adjacentibus,
1254 4110 1396 4199 propriis
1434 4110 1641 4199 sumptibus.

569 4212 754 4292 fabricavit,
789 4234 850 4301 pro
881 4213 1106 4301 redemptione
1137 4213 1258 4280 animas
1288 4236 1357 4281 suae
1391 4219 1426 4279 et
1455 4214 1541 4303 regis
1563 4198 1667 4283 Jou'

569 4316 698 4398 bannis,
721 4318 828 4407 patris
861 4318 922 4396 aui,
957 4322 993 4383 et
1023 4318 1172 4385 omnium
1205 4322 1447 4385 antecessorum
1478 4340 1640 4399 suorum.

569 4444 669 4510 quam
691 4422 836 4487 Domum
859 4420 1101 4489 Conversorum
1122 4420 1333 4511 appellamus,
1357 4420 1513 4489 videlicet
1536 4420 1621 4489 Lon·

773 4612 954 4621 -0—-—u—-—·-

602 4732 609 4762 ¹
628 4728 789 4799 expectando]
803 4730 896 4785 Added
907 4731 934 4782 in
944 4746 1025 4797 marg.
1151 4732 1160 4763 ⁴
1176 4732 1235 4798 quio
1248 4768 1254 4783 .
1268 4768 1274 4784 .
1287 4771 1294 4785 .
1307 4768 1313 4783 .
1325 4728 1422 4799 tiemo]
1436 4730 1529 4783 Added
1540 4732 1620 4783 above

602 4814 612 4841 ²
628 4810 783 4878 supellectili]
808 4813 953 4878 suppelecti,
965 4812 1022 4864 MS.
1117 4811 1159 4863 the
1181 4812 1241 4875 line,
1263 4813 1314 4862 and
1335 4812 1358 4861 is
1375 4812 1402 4862 in
1419 4812 1546 4863 reference
1562 4819 1621 4862 toa

602 4892 660 4941 'In
687 4892 730 4943 the
757 4894 835 4943 lover
855 4893 955 4959 margln
977 4893 1000 4943 is
1026 4892 1071 4943 the
1116 4892 1194 4943 rustic
1205 4893 1311 4956 proverb
1323 4891 1389 4943 cited
1400 4892 1435 4957 by
1446 4878 1596 4945 Wendover'.

569 4972 688 5023 coloured
707 4971 822 5037 drawing
839 4972 870 5022 of
882 4988 899 5022 a
916 4972 1020 5035 church,
1031 4971 1071 5022 in·

568 5052 660 5103 tendet
669 5056 696 5103 to
706 5058 835 5117 represent
844 5050 896 5103 this
907 5050 1004 5104 editoe.
