4242 6159
557 1021 623 1084 340
683 1028 851 1080 aarum
873 1025 1088 1076 numerarem
1110 1019 1282 1072 nrsnoem.
1296 1017 1495 1068 mucosum

389 1349 459 1402 AD.
473 1353 548 1399 12³2.
688 1338 821 1404 Electus
842 1343 888 1403 est
912 1331 1175 1401 Cantaurianos
1197 1329 1475 1418 archiepiscopus.

391 1506 471 1567 John,
483 1503 553 1568 orior
610 1496 768 1583 Tempore
794 1514 923 1581 quoque
945 1491 1007 1556 sub
1026 1493 1140 1557 eodem
1162 1495 1344 1556 conventus
1365 1466 1611 1554 &cantuariensis
1622 1499 1792 1564 augment.

390 1573 533 1709 qngnter·
567 1599 667 1685 elegit
699 1599 896 1674 Johannem,
935 1594 1078 1682 priorem
1109 1615 1216 1671 suum,
1252 1593 1289 1657 in
1325 1591 1611 1677 archiepiscopum·
1633 1582 1686 1664 .¹''
1699 1571 1760 1618 aar,

391 1705 554 1766 aoecdabp.
570 1702 634 1781 Qui
666 1722 741 1765 cum
770 1705 857 1764 esset
887 1698 957 1784 regi
991 1701 1218 1782 praesentatus,
1252 1700 1287 1761 et
1312 1696 1355 1759 ab
1384 1712 1422 1759 co
1454 1697 1614 1778 receptus,

393 1772 734 1896 ffiffissprofcctus
756 1806 807 1867 est
830 1800 979 1875 Romam,
1001 1803 1041 1863 ut
1063 1798 1254 1863 electionem
1284 1798 1347 1862 rite
1370 1797 1491 1861 iactam
1513 1794 1616 1880 impe-

393 1903 537 1956 confirma.
569 1911 674 1970 traret
695 1926 717 1968 a
741 1902 817 1969 seda
838 1900 1017 1988 apostolica
1038 1899 1232 1965 confirmari.

613 2251 720 2316 Facto
738 2267 802 2334 per·
824 2245 1010 2312 doctiorum
1029 2267 1163 2332 papam
1184 2243 1420 2332 inquisitione,
1436 2243 1573 2311 coeravit

910 2349 1062 2435 scarpum
1085 2347 1268 2415 distractio

400 2511 456 2591 The
467 2526 531 2576 pope
615 2484 742 2563 Eodem
769 2517 866 2575 anno,
890 2495 1085 2560 ascendente
1107 2494 1240 2581 querela
1269 2517 1368 2583 super
1393 2493 1637 2560 Romanorum.
1662 2505 1795 2584 mend.

400 2585 537 2708 {133qu
571 2598 772 2687 gravamine,
787 2619 925 2683 quorum
945 2596 1056 2682 fruges
1078 2597 1357 2676 distrahebantur,
1380 2596 1511 2682 scripsit
1530 2597 1637 2666 idem.
1666 2587 1701 2622 W·
1715 2579 1775 2624 ²⁴¹·

400 2711 493 2775 punish
508 2709 552 2760 the
571 2723 657 2788 papa
678 2698 748 2784 regi
778 2699 964 2784 Anglorum
994 2699 1114 2764 acriter
1139 2704 1173 2764 et
1203 2698 1428 2784 increpatorie,
1452 2697 1637 2762 admirans.

402 2776 549 2894 {2¹4}th
573 2803 662 2889 quod
692 2800 778 2865 tales
808 2801 845 2864 in
875 2820 976 2887 regno
1007 2822 1066 2865 suo
1099 2800 1171 2866 fieri
1202 2801 1351 2887 permisit
1381 2801 1521 2886 rapinae,
1551 2820 1620 2864 non

572 2905 699 2970 habens
735 2907 918 2988 respectum
955 2901 998 2967 ud
1036 2891 1249 2984 sacramenta,
1288 2924 1363 2988 quae
1397 2903 1517 2967 fecerat
1553 2923 1621 2966 suae

571 3012 717 3093 tempora
735 3003 961 3070 coronationis.
1008 3003 1184 3070 Mandavit
1204 3005 1309 3092 igitur
1331 3004 1435 3071 eidem
1458 3004 1537 3090 regi,
1561 3003 1622 3068 sub

570 3131 670 3197 poena
707 3105 1056 3172 excommunicationis
1094 3113 1129 3172 ct
1162 3108 1331 3174 interdicti
1364 3107 1503 3173 firmiter
1539 3129 1623 3194 prae-

571 3212 704 3298 cipiens,
734 3208 902 3296 quatinus,
933 3208 1086 3294 diligenti
1115 3208 1203 3274 facta
1230 3209 1454 3296 inquisitione,
1482 3210 1510 3274 si
1541 3231 1622 3294 quos

571 3313 671 3399 hujus
692 3310 862 3376 violentias
882 3309 1048 3375 inveniret
1074 3315 1229 3388 auctores,
1252 3317 1322 3377 tam
1344 3313 1491 3398 graviter
1512 3317 1623 3376 sontes

572 3415 718 3503 puniret,
752 3418 791 3478 ut
821 3433 863 3477 ex
893 3433 992 3498 poena
1021 3433 1134 3477 eorum
1164 3414 1263 3479 ceteri
1292 3414 1512 3479 formidarent.
1557 3412 1624 3478 De·

573 3519 689 3602 ditque
722 3513 831 3591 Petro,
862 3513 1085 3580 Wintoniensi
1116 3516 1273 3603 episcopo,
1296 3521 1331 3582 et
1365 3516 1479 3582 abbati
1511 3515 1625 3581 Sancti

574 3617 753 3694 Edmundi,
794 3616 832 3680 in
877 3615 1026 3702 partibus
1070 3617 1278 3698 australibus,
1317 3621 1352 3683 et
1387 3618 1650 3704 archiepiscopo·

576 3717 782 3795 Eboracensi,
806 3717 957 3804 episcopo
986 3717 1212 3799 Dunelmensi,
1235 3724 1270 3784 et
1299 3718 1446 3786 Johanni
1469 3720 1628 3802 Romano,

575 3823 614 3886 in
636 3820 785 3908 portibus
814 3819 1067 3905 aquilonaribus,
1091 3820 1128 3884 in
1157 3822 1330 3900 mandatis,
1359 3827 1399 3888 ut
1425 3845 1537 3888 omnes
1558 3829 1630 3888 tarn

578 3923 638 3988 diu
669 3921 905 3987 denunciarent
939 3923 1243 4002 excommunicatos,
1282 3945 1450 4011 quousque
1490 3925 1630 3990 Romam

409 4035 536 4118 manag
581 4025 733 4091 venirent
763 4046 784 4088 a
809 4022 885 4088 sede
921 4025 1102 4109 apostolica
1135 4025 1356 4091 absolvendi·
1390 4026 1494 4092 Facta
1526 4025 1630 4113 igitur
1640 4046 1805 4113 languena

410 4103 556 4220 &¹¹¹⁰ssss
581 4126 796 4214 inquisitione
825 4125 986 4211 diligenti,
1017 4127 1148 4192 inventi
1182 4131 1262 4193 sunt
1295 4132 1548 4215 transgressores
1577 4133 1649 4194 tot·
1669 4115 1704 4165 iv.
1717 4119 1776 4165 ²⁴²·

411 4236 616 4301 huhuotheet
648 4229 747 4310 tanti,
775 4227 873 4315 quod,
902 4248 971 4313 pree
1001 4250 1112 4295 eorum
1143 4230 1358 4296 multitudine
1392 4237 1427 4296 et
1457 4235 1647 4317 potestate·

411 4309 511 4355 mm·
581 4354 642 4398 rex
664 4331 776 4398 omnia
804 4329 1009 4394 dissimulem
1030 4331 1138 4397 tutius
1162 4329 1336 4417 judicavit,
1352 4333 1440 4419 quod
1462 4335 1559 4421 ipsos,
1582 4339 1648 4398 et·-

581 4436 610 4500 si
639 4438 757 4521 posset,
787 4437 911 4497 temere
943 4432 1111 4518 puniendo
1140 4455 1253 4521 pacem
1277 4436 1371 4523 regni
1400 4433 1651 4523 perturbaret}-

615 4758 624 4789 ¹
635 4754 700 4822 quod
711 4757 776 4821 r'pcoc
788 4792 795 4804 .
807 4788 815 4803 .
826 4791 834 4805 .
841 4753 1013 4820 perturbaret]
1023 4755 1081 4806 The
1126 4755 1215 4822 faulty,
1235 4760 1286 4809 and
1304 4759 1390 4810 would
1406 4760 1438 4810 bc
1453 4757 1550 4810 clearer
1559 4757 1584 4808 ii
1596 4773 1634 4810 we

582 4834 754 4888 commotius
784 4835 815 4885 oi
841 4834 884 4886 the
916 4843 1034 4887 sentence
1058 4834 1081 4885 is
1127 4837 1277 4902 recd,qucm
1291 4839 1357 4904 ipsos
1374 4837 1607 4905 .,..perrortare.
