<?xml version="1.0" encoding="UTF-8"?>
<!DOCTYPE html PUBLIC "-//W3C//DTD XHTML 1.0 Transitional//EN"
    "http://www.w3.org/TR/xhtml1/DTD/xhtml1-transitional.dtd">
<html xmlns="http://www.w3.org/1999/xhtml" xml:lang="en" lang="en">
 <head>
  <title>
</title>
<meta http-equiv="Content-Type" content="text/html;charset=utf-8" />
  <meta name='ocr-system' content='tesseract 3.04.00' />
  <meta name='ocr-capabilities' content='ocr_page ocr_carea ocr_par ocr_line ocrx_word'/>
</head>
<body>
  <div class='ocr_page' id='page_1' title='image "./matthiparisiens04parigoog_0302.png"; bbox 0 0 4242 6159; ppageno 0'>
   <div class='ocr_carea' id='block_1_1' title="bbox 569 991 1516 1057">
    <p class='ocr_par' dir='ltr' id='par_1_1' title="bbox 569 991 1516 1057">
     <span class='ocr_line' id='line_1_1' title="bbox 569 991 1516 1057; baseline -0.001 -1"><span class='ocrx_word' id='word_1_1' title='bbox 569 991 634 1057; x_wconf 81' lang='grc'>286</span> <span class='ocrx_word' id='word_1_2' title='bbox 707 1003 876 1055; x_wconf 77' lang='lat' dir='ltr'>ulrrnnr</span> <span class='ocrx_word' id='word_1_3' title='bbox 898 1001 1111 1054; x_wconf 75' lang='lat' dir='ltr'>rmsrrusrs</span> <span class='ocrx_word' id='word_1_4' title='bbox 1131 1002 1294 1054; x_wconf 82' lang='lat' dir='ltr'>nrsroam</span> <span class='ocrx_word' id='word_1_5' title='bbox 1316 1001 1516 1055; x_wconf 74' lang='lat' dir='ltr'>suetonum</span> 
     </span>
    </p>
   </div>
   <div class='ocr_carea' id='block_1_2' title="bbox 570 1329 1621 1420">
    <p class='ocr_par' dir='ltr' id='par_1_2' title="bbox 570 1329 1621 1420">
     <span class='ocr_line' id='line_1_2' title="bbox 570 1329 1621 1420; baseline -0.001 -20"><span class='ocrx_word' id='word_1_6' title='bbox 570 1332 622 1401; x_wconf 84' lang='lat' dir='ltr'>De</span> <span class='ocrx_word' id='word_1_7' title='bbox 644 1331 773 1402; x_wconf 80' lang='lat' dir='ltr'>mortc¹</span> <span class='ocrx_word' id='word_1_8' title='bbox 789 1329 940 1401; x_wconf 68' lang='lat' dir='ltr'>socrat</span> <span class='ocrx_word' id='word_1_9' title='bbox 962 1331 1002 1400; x_wconf 83' lang='lat' dir='ltr'>dc</span> <span class='ocrx_word' id='word_1_10' title='bbox 1016 1329 1175 1414; x_wconf 76' lang='lat' dir='ltr'>Mariseo,</span> <span class='ocrx_word' id='word_1_11' title='bbox 1192 1329 1342 1420; x_wconf 79' lang='lat' dir='ltr'>episcopi</span> <span class='ocrx_word' id='word_1_12' title='bbox 1356 1329 1621 1399; x_wconf 68' lang='lat' dir='ltr'>Duotclotcueis.⁹</span> 
     </span>
    </p>
   </div>
   <div class='ocr_carea' id='block_1_3' title="bbox 396 1493 1804 3740">
    <p class='ocr_par' dir='ltr' id='par_1_3' title="bbox 399 1493 1804 1817">
     <span class='ocr_line' id='line_1_3' title="bbox 401 1493 1804 1584; baseline -0.001 -22"><span class='ocrx_word' id='word_1_13' title='bbox 401 1497 530 1580; x_wconf 58' lang='lat' dir='ltr'>Demos</span> <span class='ocrx_word' id='word_1_14' title='bbox 613 1497 738 1564; x_wconf 81' lang='lat' dir='ltr'>Eodem</span> <span class='ocrx_word' id='word_1_15' title='bbox 771 1517 903 1584; x_wconf 88' lang='lat' dir='ltr'>quoque</span> <span class='ocrx_word' id='word_1_16' title='bbox 935 1517 1023 1562; x_wconf 88' lang='lat' dir='ltr'>anno</span> <span class='ocrx_word' id='word_1_17' title='bbox 1056 1493 1219 1561; x_wconf 84' lang='lat' dir='ltr'>Ricardus</span> <span class='ocrx_word' id='word_1_18' title='bbox 1252 1493 1294 1560; x_wconf 90' lang='lat' dir='ltr'>de</span> <span class='ocrx_word' id='word_1_19' title='bbox 1319 1493 1468 1573; x_wconf 86' lang='lat' dir='ltr'>Marisco,</span> <span class='ocrx_word' id='word_1_20' title='bbox 1494 1493 1804 1584; x_wconf 56' lang='lat' dir='ltr'>Duum-Regum&amp;</span> 
     </span>
     <span class='ocr_line' id='line_1_4' title="bbox 399 1566 1767 1693; baseline 0.001 -30"><span class='ocrx_word' id='word_1_21' title='bbox 399 1566 557 1693; x_wconf 31' lang='lat' dir='ltr'>ffifflff</span> <span class='ocrx_word' id='word_1_22' title='bbox 568 1599 690 1664; x_wconf 90' lang='lat' dir='ltr'>mensis</span> <span class='ocrx_word' id='word_1_23' title='bbox 711 1600 892 1687; x_wconf 87' lang='lat' dir='ltr'>episeopus,</span> <span class='ocrx_word' id='word_1_24' title='bbox 908 1598 989 1665; x_wconf 92' lang='lat' dir='ltr'>dum</span> <span class='ocrx_word' id='word_1_25' title='bbox 1009 1599 1047 1662; x_wconf 91' lang='lat' dir='ltr'>in</span> <span class='ocrx_word' id='word_1_26' title='bbox 1069 1619 1175 1676; x_wconf 88' lang='lat' dir='ltr'>causa,</span> <span class='ocrx_word' id='word_1_27' title='bbox 1192 1617 1292 1684; x_wconf 89' lang='lat' dir='ltr'>quam</span> <span class='ocrx_word' id='word_1_28' title='bbox 1307 1601 1424 1663; x_wconf 87' lang='lat' dir='ltr'>contra</span> <span class='ocrx_word' id='word_1_29' title='bbox 1444 1595 1620 1664; x_wconf 84' lang='lat' dir='ltr'>monachos</span> <span class='ocrx_word' id='word_1_30' title='bbox 1660 1587 1695 1626; x_wconf 57' lang='grc' dir='ltr'>ι’·</span> <span class='ocrx_word' id='word_1_31' title='bbox 1710 1579 1767 1627; x_wconf 81' lang='lat'><strong>¹²⁶·</strong></span> 
     </span>
     <span class='ocr_line' id='line_1_5' title="bbox 399 1699 1639 1817; baseline 0 -51"><span class='ocrx_word' id='word_1_32' title='bbox 399 1699 645 1817; x_wconf 40' lang='lat' dir='ltr'>&amp;offis-suos</span> <span class='ocrx_word' id='word_1_33' title='bbox 665 1700 872 1768; x_wconf 78' lang='lat' dir='ltr'>indefessus³</span> <span class='ocrx_word' id='word_1_34' title='bbox 895 1705 1084 1789; x_wconf 90' lang='lat' dir='ltr'>persecutor</span> <span class='ocrx_word' id='word_1_35' title='bbox 1109 1699 1239 1787; x_wconf 83' lang='lat' dir='ltr'>agebat,</span> <span class='ocrx_word' id='word_1_36' title='bbox 1263 1699 1307 1764; x_wconf 90' lang='lat' dir='ltr'>ad</span> <span class='ocrx_word' id='word_1_37' title='bbox 1329 1699 1417 1765; x_wconf 90' lang='lat' dir='ltr'>diem</span> <span class='ocrx_word' id='word_1_38' title='bbox 1441 1699 1639 1766; x_wconf 88' lang='lat' dir='ltr'>Londoniis.</span> 
     </span>
    </p>

    <p class='ocr_par' dir='ltr' id='par_1_4' title="bbox 461 1800 1798 2609">
     <span class='ocr_line' id='line_1_6' title="bbox 461 1800 1618 1889; baseline -0.001 -20"><span class='ocrx_word' id='word_1_39' title='bbox 461 1805 467 1818; x_wconf 86' lang='lat'>&#39;</span> <span class='ocrx_word' id='word_1_40' title='bbox 568 1803 788 1869; x_wconf 86' lang='lat' dir='ltr'>constitutum</span> <span class='ocrx_word' id='word_1_41' title='bbox 810 1825 885 1869; x_wconf 89' lang='lat' dir='ltr'>cum</span> <span class='ocrx_word' id='word_1_42' title='bbox 909 1800 1085 1869; x_wconf 77' lang='lat' dir='ltr'>tumultu⁴</span> <span class='ocrx_word' id='word_1_43' title='bbox 1107 1802 1221 1868; x_wconf 83' lang='lat' dir='ltr'>valido</span> <span class='ocrx_word' id='word_1_44' title='bbox 1254 1801 1401 1889; x_wconf 92' lang='lat' dir='ltr'>plurium</span> <span class='ocrx_word' id='word_1_45' title='bbox 1425 1801 1618 1889; x_wconf 85' lang='lat' dir='ltr'>legistamm</span> 
     </span>
     <span class='ocr_line' id='line_1_7' title="bbox 566 1904 1784 1994; baseline -0.004 -21"><span class='ocrx_word' id='word_1_46' title='bbox 566 1905 777 1974; x_wconf 89' lang='lat' dir='ltr'>reboantium</span> <span class='ocrx_word' id='word_1_47' title='bbox 817 1907 1016 1994; x_wconf 80' lang='lat' dir='ltr'>properavit</span> <span class='ocrx_word' id='word_1_48' title='bbox 1076 1905 1132 1986; x_wconf 86' lang='lat' dir='ltr'>Et,</span> <span class='ocrx_word' id='word_1_49' title='bbox 1172 1904 1252 1971; x_wconf 91' lang='lat' dir='ltr'>dum</span> <span class='ocrx_word' id='word_1_50' title='bbox 1284 1906 1372 1994; x_wconf 87' lang='lat' dir='ltr'>apud</span> <span class='ocrx_word' id='word_1_51' title='bbox 1403 1905 1553 1993; x_wconf 79' lang='lat' dir='ltr'>Burgum</span> <span class='ocrx_word' id='word_1_52' title='bbox 1582 1906 1619 1970; x_wconf 92' lang='lat' dir='ltr'>in</span> <span class='ocrx_word' id='word_1_53' title='bbox 1652 1915 1703 1968; x_wconf 78' lang='lat' dir='ltr'>cr.</span> <span class='ocrx_word' id='word_1_54' title='bbox 1714 1916 1784 1984; x_wconf 71' lang='lat'><em>1³03.</em></span> 
     </span>
     <span class='ocr_line' id='line_1_8' title="bbox 566 1983 1798 2104; baseline 0 -30"><span class='ocrx_word' id='word_1_55' title='bbox 566 2009 704 2076; x_wconf 75' lang='lat' dir='ltr'>abbatia</span> <span class='ocrx_word' id='word_1_56' title='bbox 724 2009 960 2098; x_wconf 73' lang='lat' dir='ltr'>hospitaretur,</span> <span class='ocrx_word' id='word_1_57' title='bbox 981 2007 1093 2075; x_wconf 91' lang='lat' dir='ltr'>subito</span> <span class='ocrx_word' id='word_1_58' title='bbox 1115 2008 1151 2073; x_wconf 94' lang='lat' dir='ltr'>in</span> <span class='ocrx_word' id='word_1_59' title='bbox 1172 2008 1246 2094; x_wconf 89' lang='lat' dir='ltr'>ipsa</span> <span class='ocrx_word' id='word_1_60' title='bbox 1269 2013 1365 2074; x_wconf 87' lang='lat' dir='ltr'>noete</span> <span class='ocrx_word' id='word_1_61' title='bbox 1387 2007 1637 2078; x_wconf 79' lang='lat' dir='ltr'>miserabiliter.</span> <span class='ocrx_word' id='word_1_62' title='bbox 1654 1983 1798 2104; x_wconf 50' lang='grc' dir='ltr'><em>ξξᾞζ·</em></span> 
     </span>
     <span class='ocr_line' id='line_1_9' title="bbox 566 2089 1716 2201; baseline -0.003 -22"><span class='ocrx_word' id='word_1_63' title='bbox 566 2113 743 2201; x_wconf 79' lang='lat' dir='ltr'>expiravit.</span> <span class='ocrx_word' id='word_1_64' title='bbox 784 2111 891 2198; x_wconf 81' lang='lat' dir='ltr'>Cujus</span> <span class='ocrx_word' id='word_1_65' title='bbox 905 2132 1024 2199; x_wconf 89' lang='lat' dir='ltr'>corpus</span> <span class='ocrx_word' id='word_1_66' title='bbox 1038 2109 1244 2176; x_wconf 88' lang='lat' dir='ltr'>Dunelmum</span> <span class='ocrx_word' id='word_1_67' title='bbox 1265 2109 1302 2175; x_wconf 92' lang='lat' dir='ltr'>in</span> <span class='ocrx_word' id='word_1_68' title='bbox 1324 2109 1440 2177; x_wconf 80' lang='lat' dir='ltr'>lectica</span> <span class='ocrx_word' id='word_1_69' title='bbox 1460 2110 1640 2192; x_wconf 70' lang='lat' dir='ltr'>delatum„</span> <span class='ocrx_word' id='word_1_70' title='bbox 1708 2089 1716 2114; x_wconf 82' lang='grc'>’</span> 
     </span>
     <span class='ocr_line' id='line_1_10' title="bbox 565 2211 1638 2302; baseline 0.002 -22"><span class='ocrx_word' id='word_1_71' title='bbox 565 2213 691 2282; x_wconf 89' lang='lat' dir='ltr'>ibidem</span> <span class='ocrx_word' id='word_1_72' title='bbox 712 2215 749 2281; x_wconf 91' lang='lat' dir='ltr'>in</span> <span class='ocrx_word' id='word_1_73' title='bbox 771 2213 916 2301; x_wconf 89' lang='lat' dir='ltr'>capitulo</span> <span class='ocrx_word' id='word_1_74' title='bbox 938 2213 1106 2300; x_wconf 90' lang='lat' dir='ltr'>sepultum</span> <span class='ocrx_word' id='word_1_75' title='bbox 1126 2217 1185 2280; x_wconf 86' lang='lat' dir='ltr'>est.</span> <span class='ocrx_word' id='word_1_76' title='bbox 1216 2211 1364 2279; x_wconf 78' lang='lat' dir='ltr'>Obtenla</span> <span class='ocrx_word' id='word_1_77' title='bbox 1386 2212 1492 2300; x_wconf 78' lang='lat' dir='ltr'>igitur</span> <span class='ocrx_word' id='word_1_78' title='bbox 1506 2235 1527 2279; x_wconf 93' lang='lat' dir='ltr'>a</span> <span class='ocrx_word' id='word_1_79' title='bbox 1541 2235 1638 2302; x_wconf 81' lang='lat' dir='ltr'>rege.</span> 
     </span>
     <span class='ocr_line' id='line_1_11' title="bbox 564 2313 1638 2404; baseline -0.003 -21"><span class='ocrx_word' id='word_1_80' title='bbox 564 2317 700 2384; x_wconf 87' lang='lat' dir='ltr'>licentia</span> <span class='ocrx_word' id='word_1_81' title='bbox 732 2313 837 2382; x_wconf 86' lang='lat' dir='ltr'>alium</span> <span class='ocrx_word' id='word_1_82' title='bbox 863 2316 1051 2402; x_wconf 88' lang='lat' dir='ltr'>episcopum</span> <span class='ocrx_word' id='word_1_83' title='bbox 1088 2315 1160 2382; x_wconf 93' lang='lat' dir='ltr'>loco</span> <span class='ocrx_word' id='word_1_84' title='bbox 1191 2315 1262 2402; x_wconf 89' lang='lat' dir='ltr'>ejus</span> <span class='ocrx_word' id='word_1_85' title='bbox 1296 2313 1465 2404; x_wconf 71' lang='lat' dir='ltr'>eligendi,⁰</span> <span class='ocrx_word' id='word_1_86' title='bbox 1495 2317 1638 2403; x_wconf 88' lang='lat' dir='ltr'>optulit.</span> 
     </span>
     <span class='ocr_line' id='line_1_12' title="bbox 566 2416 1637 2506; baseline 0 -21"><span class='ocrx_word' id='word_1_87' title='bbox 566 2419 614 2486; x_wconf 90' lang='lat' dir='ltr'>eis</span> <span class='ocrx_word' id='word_1_88' title='bbox 635 2419 725 2486; x_wconf 91' lang='lat' dir='ltr'>idem</span> <span class='ocrx_word' id='word_1_89' title='bbox 746 2439 817 2499; x_wconf 88' lang='lat' dir='ltr'>rex,</span> <span class='ocrx_word' id='word_1_90' title='bbox 835 2416 1023 2504; x_wconf 88' lang='lat' dir='ltr'>justiciario</span> <span class='ocrx_word' id='word_1_91' title='bbox 1037 2423 1249 2505; x_wconf 80' lang='lat' dir='ltr'>procurante,</span> <span class='ocrx_word' id='word_1_92' title='bbox 1266 2417 1398 2500; x_wconf 85' lang='lat' dir='ltr'>Lucam,</span> <span class='ocrx_word' id='word_1_93' title='bbox 1413 2417 1637 2506; x_wconf 82' lang='lat' dir='ltr'>capellanum,</span> 
     </span>
     <span class='ocr_line' id='line_1_13' title="bbox 565 2519 1616 2609; baseline -0.001 -21"><span class='ocrx_word' id='word_1_94' title='bbox 565 2543 672 2602; x_wconf 83' lang='lat' dir='ltr'>cuum,</span> <span class='ocrx_word' id='word_1_95' title='bbox 693 2521 861 2587; x_wconf 83' lang='lat' dir='ltr'>instanter</span> <span class='ocrx_word' id='word_1_96' title='bbox 882 2541 1011 2607; x_wconf 82' lang='lat' dir='ltr'>rogans,</span> <span class='ocrx_word' id='word_1_97' title='bbox 1026 2524 1067 2586; x_wconf 91' lang='lat' dir='ltr'>ut</span> <span class='ocrx_word' id='word_1_98' title='bbox 1080 2519 1177 2585; x_wconf 92' lang='lat' dir='ltr'>illum</span> <span class='ocrx_word' id='word_1_99' title='bbox 1190 2519 1374 2607; x_wconf 82' lang='lat' dir='ltr'>reciperent</span> <span class='ocrx_word' id='word_1_100' title='bbox 1387 2519 1423 2586; x_wconf 93' lang='lat' dir='ltr'>in</span> <span class='ocrx_word' id='word_1_101' title='bbox 1443 2526 1616 2609; x_wconf 87' lang='lat' dir='ltr'>pastorem.</span> 
     </span>
    </p>

    <p class='ocr_par' dir='ltr' id='par_1_5' title="bbox 396 2617 1799 3650">
     <span class='ocr_line' id='line_1_14' title="bbox 398 2617 1799 2710; baseline 0.004 -22"><span class='ocrx_word' id='word_1_102' title='bbox 398 2625 521 2688; x_wconf 76' lang='lat' dir='ltr'>william,</span> <span class='ocrx_word' id='word_1_103' title='bbox 567 2623 761 2691; x_wconf 83' lang='lat' dir='ltr'>Conventus</span> <span class='ocrx_word' id='word_1_104' title='bbox 780 2617 861 2689; x_wconf 84' lang='lat' dir='ltr'>vero</span> <span class='ocrx_word' id='word_1_105' title='bbox 885 2626 1044 2710; x_wconf 89' lang='lat' dir='ltr'>reputans</span> <span class='ocrx_word' id='word_1_106' title='bbox 1066 2645 1142 2689; x_wconf 91' lang='lat' dir='ltr'>eum</span> <span class='ocrx_word' id='word_1_107' title='bbox 1167 2621 1429 2702; x_wconf 88' lang='lat' dir='ltr'>insufficientem,</span> <span class='ocrx_word' id='word_1_108' title='bbox 1460 2624 1500 2690; x_wconf 90' lang='lat' dir='ltr'>de</span> <span class='ocrx_word' id='word_1_109' title='bbox 1531 2645 1617 2690; x_wconf 92' lang='lat' dir='ltr'>com·</span> <span class='ocrx_word' id='word_1_110' title='bbox 1630 2641 1799 2708; x_wconf 55' lang='lat' dir='ltr'>maweu.</span> 
     </span>
     <span class='ocr_line' id='line_1_15' title="bbox 397 2692 1774 2821; baseline 0.001 -29"><span class='ocrx_word' id='word_1_111' title='bbox 397 2692 550 2821; x_wconf 41' lang='lat' dir='ltr'>{2⁰3¹ssss</span> <span class='ocrx_word' id='word_1_112' title='bbox 566 2727 662 2793; x_wconf 90' lang='lat' dir='ltr'>muni</span> <span class='ocrx_word' id='word_1_113' title='bbox 683 2747 818 2794; x_wconf 88' lang='lat' dir='ltr'>assensu</span> <span class='ocrx_word' id='word_1_114' title='bbox 840 2726 1012 2814; x_wconf 86' lang='lat' dir='ltr'>elegerunt</span> <span class='ocrx_word' id='word_1_115' title='bbox 1037 2723 1235 2814; x_wconf 82' lang='lat' dir='ltr'>magistrum</span> <span class='ocrx_word' id='word_1_116' title='bbox 1259 2724 1472 2806; x_wconf 78' lang='lat' dir='ltr'>willelmum,</span> <span class='ocrx_word' id='word_1_117' title='bbox 1488 2726 1621 2816; x_wconf 84' lang='lat' dir='ltr'>Wigor·</span> <span class='ocrx_word' id='word_1_118' title='bbox 1665 2710 1693 2760; x_wconf 51' lang='grc' dir='ltr'><strong>ὴ</strong></span> <span class='ocrx_word' id='word_1_119' title='bbox 1717 2716 1774 2762; x_wconf 79' lang='lat'><strong>¹²⁹·</strong></span> 
     </span>
     <span class='ocr_line' id='line_1_16' title="bbox 396 2825 1618 2945; baseline 0.002 -50"><span class='ocrx_word' id='word_1_120' title='bbox 396 2826 531 2945; x_wconf 47' lang='lat' dir='ltr'>filimi?</span> <span class='ocrx_word' id='word_1_121' title='bbox 565 2825 739 2896; x_wconf 86' lang='lat' dir='ltr'>niensem⁷</span> <span class='ocrx_word' id='word_1_122' title='bbox 769 2827 1045 2908; x_wconf 87' lang='lat' dir='ltr'>archidiaconum,</span> <span class='ocrx_word' id='word_1_123' title='bbox 1075 2828 1185 2894; x_wconf 89' lang='lat' dir='ltr'>virum</span> <span class='ocrx_word' id='word_1_124' title='bbox 1228 2827 1406 2909; x_wconf 80' lang='lat' dir='ltr'>idoneum,⁸</span> <span class='ocrx_word' id='word_1_125' title='bbox 1443 2833 1478 2896; x_wconf 88' lang='lat' dir='ltr'>et</span> <span class='ocrx_word' id='word_1_126' title='bbox 1508 2829 1618 2918; x_wconf 89' lang='lat' dir='ltr'>ipsum</span> 
     </span>
     <span class='ocr_line' id='line_1_17' title="bbox 449 2911 1617 3021; baseline 0.001 -23"><span class='ocrx_word' id='word_1_127' title='bbox 449 2911 465 2959; x_wconf 68' lang='lat' dir='ltr'><strong>p</strong></span> <span class='ocrx_word' id='word_1_128' title='bbox 521 2931 528 2955; x_wconf 88' lang='lat'>&#39;</span> <span class='ocrx_word' id='word_1_129' title='bbox 566 2933 637 3021; x_wconf 83' lang='lat' dir='ltr'>regi</span> <span class='ocrx_word' id='word_1_130' title='bbox 658 2935 951 3021; x_wconf 69' lang='lat' dir='ltr'>praesentaverunt.</span> <span class='ocrx_word' id='word_1_131' title='bbox 998 2930 1105 3013; x_wconf 81' lang='lat' dir='ltr'>Quem</span> <span class='ocrx_word' id='word_1_132' title='bbox 1131 2951 1205 2996; x_wconf 89' lang='lat' dir='ltr'>cum</span> <span class='ocrx_word' id='word_1_133' title='bbox 1227 2951 1296 3009; x_wconf 89' lang='lat' dir='ltr'>rex,</span> <span class='ocrx_word' id='word_1_134' title='bbox 1324 2929 1461 3018; x_wconf 89' lang='lat' dir='ltr'>objectis</span> <span class='ocrx_word' id='word_1_135' title='bbox 1484 2933 1617 3020; x_wconf 90' lang='lat' dir='ltr'>quibus·</span> 
     </span>
     <span class='ocr_line' id='line_1_18' title="bbox 566 3032 1618 3124; baseline 0.001 -23"><span class='ocrx_word' id='word_1_136' title='bbox 566 3035 643 3102; x_wconf 88' lang='lat' dir='ltr'>dam</span> <span class='ocrx_word' id='word_1_137' title='bbox 665 3033 795 3101; x_wconf 78' lang='lat' dir='ltr'>frivolis</span> <span class='ocrx_word' id='word_1_138' title='bbox 816 3032 1074 3122; x_wconf 87' lang='lat' dir='ltr'>exceptionibus,</span> <span class='ocrx_word' id='word_1_139' title='bbox 1089 3039 1278 3114; x_wconf 84' lang='lat' dir='ltr'>recusasset,</span> <span class='ocrx_word' id='word_1_140' title='bbox 1293 3035 1446 3102; x_wconf 88' lang='lat' dir='ltr'>monachi</span> <span class='ocrx_word' id='word_1_141' title='bbox 1460 3035 1618 3124; x_wconf 87' lang='lat' dir='ltr'>quosdam</span> 
     </span>
     <span class='ocr_line' id='line_1_19' title="bbox 566 3135 1618 3218; baseline 0.001 -14"><span class='ocrx_word' id='word_1_142' title='bbox 566 3137 609 3204; x_wconf 88' lang='lat' dir='ltr'>dc</span> <span class='ocrx_word' id='word_1_143' title='bbox 640 3141 810 3204; x_wconf 86' lang='lat' dir='ltr'>conventu</span> <span class='ocrx_word' id='word_1_144' title='bbox 832 3135 972 3202; x_wconf 89' lang='lat' dir='ltr'>Romam</span> <span class='ocrx_word' id='word_1_145' title='bbox 1002 3137 1175 3218; x_wconf 90' lang='lat' dir='ltr'>miserunt,</span> <span class='ocrx_word' id='word_1_146' title='bbox 1205 3142 1245 3203; x_wconf 90' lang='lat' dir='ltr'>ut</span> <span class='ocrx_word' id='word_1_147' title='bbox 1274 3137 1468 3204; x_wconf 91' lang='lat' dir='ltr'>electionem</span> <span class='ocrx_word' id='word_1_148' title='bbox 1497 3137 1618 3205; x_wconf 82' lang='lat' dir='ltr'>factam</span> 
     </span>
     <span class='ocr_line' id='line_1_20' title="bbox 399 3238 1618 3329; baseline 0.007 -30"><span class='ocrx_word' id='word_1_149' title='bbox 399 3241 764 3329; x_wconf 50' lang='lat' dir='ltr'>carmadauctcritate</span> <span class='ocrx_word' id='word_1_150' title='bbox 791 3239 971 3327; x_wconf 86' lang='lat' dir='ltr'>apostolica</span> <span class='ocrx_word' id='word_1_151' title='bbox 1003 3238 1244 3306; x_wconf 88' lang='lat' dir='ltr'>confirmarent.</span> <span class='ocrx_word' id='word_1_152' title='bbox 1289 3239 1363 3306; x_wconf 83' lang='lat' dir='ltr'>Rex</span> <span class='ocrx_word' id='word_1_153' title='bbox 1392 3245 1514 3323; x_wconf 89' lang='lat' dir='ltr'>autem,</span> <span class='ocrx_word' id='word_1_154' title='bbox 1544 3263 1618 3308; x_wconf 93' lang='lat' dir='ltr'>cum</span> 
     </span>
     <span class='ocr_line' id='line_1_21' title="bbox 398 3317 1619 3434; baseline 0 -26"><span class='ocrx_word' id='word_1_155' title='bbox 398 3317 639 3434; x_wconf 53' lang='lat' dir='ltr'>ffihfflss&#39;haec</span> <span class='ocrx_word' id='word_1_156' title='bbox 666 3341 898 3420; x_wconf 88' lang='lat' dir='ltr'>intellexisset,</span> <span class='ocrx_word' id='word_1_157' title='bbox 929 3338 1024 3406; x_wconf 87' lang='lat' dir='ltr'>misit</span> <span class='ocrx_word' id='word_1_158' title='bbox 1046 3339 1186 3406; x_wconf 89' lang='lat' dir='ltr'>Romam</span> <span class='ocrx_word' id='word_1_159' title='bbox 1208 3346 1326 3408; x_wconf 90' lang='lat' dir='ltr'>contra</span> <span class='ocrx_word' id='word_1_160' title='bbox 1350 3343 1526 3410; x_wconf 89' lang='lat' dir='ltr'>monachos</span> <span class='ocrx_word' id='word_1_161' title='bbox 1552 3343 1619 3430; x_wconf 92' lang='lat' dir='ltr'>epi-</span> 
     </span>
     <span class='ocr_line' id='line_1_22' title="bbox 397 3441 1618 3532; baseline 0 -22"><span class='ocrx_word' id='word_1_162' title='bbox 397 3451 506 3501; x_wconf 74' lang='lat' dir='ltr'>ereccon</span> <span class='ocrx_word' id='word_1_163' title='bbox 567 3466 701 3532; x_wconf 92' lang='lat' dir='ltr'>scopum</span> <span class='ocrx_word' id='word_1_164' title='bbox 717 3444 924 3512; x_wconf 83' lang='lat' dir='ltr'>Oestrensem</span> <span class='ocrx_word' id='word_1_165' title='bbox 947 3447 982 3510; x_wconf 92' lang='lat' dir='ltr'>et</span> <span class='ocrx_word' id='word_1_166' title='bbox 1008 3441 1182 3510; x_wconf 83' lang='lat' dir='ltr'>Lentoniae</span> <span class='ocrx_word' id='word_1_167' title='bbox 1207 3445 1359 3532; x_wconf 89' lang='lat' dir='ltr'>priorem,</span> <span class='ocrx_word' id='word_1_168' title='bbox 1374 3449 1414 3511; x_wconf 96' lang='lat' dir='ltr'>ut</span> <span class='ocrx_word' id='word_1_169' title='bbox 1439 3447 1618 3512; x_wconf 88' lang='lat' dir='ltr'>eorundem</span> 
     </span>
     <span class='ocr_line' id='line_1_23' title="bbox 398 3517 1618 3650; baseline -0.001 -36"><span class='ocrx_word' id='word_1_170' title='bbox 398 3517 546 3650; x_wconf 49' lang='grc' dir='ltr'>,ἶᾙο</span> <span class='ocrx_word' id='word_1_171' title='bbox 567 3545 802 3614; x_wconf 88' lang='lat' dir='ltr'>monachorum</span> <span class='ocrx_word' id='word_1_172' title='bbox 827 3545 1031 3634; x_wconf 87' lang='lat' dir='ltr'>propositum</span> <span class='ocrx_word' id='word_1_173' title='bbox 1056 3545 1238 3612; x_wconf 81' lang='lat' dir='ltr'>irritarent</span> <span class='ocrx_word' id='word_1_174' title='bbox 1284 3547 1413 3628; x_wconf 86' lang='lat' dir='ltr'>Quibus</span> <span class='ocrx_word' id='word_1_175' title='bbox 1439 3547 1497 3613; x_wconf 92' lang='lat' dir='ltr'>diu</span> <span class='ocrx_word' id='word_1_176' title='bbox 1521 3547 1618 3615; x_wconf 88' lang='lat' dir='ltr'>alter-</span> 
     </span>
    </p>

    <p class='ocr_par' dir='ltr' id='par_1_6' title="bbox 566 3647 1638 3740">
     <span class='ocr_line' id='line_1_24' title="bbox 566 3647 1638 3740; baseline -0.001 -22"><span class='ocrx_word' id='word_1_177' title='bbox 566 3648 729 3729; x_wconf 86' lang='lat' dir='ltr'>cantibus,</span> <span class='ocrx_word' id='word_1_178' title='bbox 757 3647 974 3736; x_wconf 85' lang='lat' dir='ltr'>dampnosam</span> <span class='ocrx_word' id='word_1_179' title='bbox 1004 3647 1149 3715; x_wconf 79' lang='lat' dir='ltr'>eoclesire</span> <span class='ocrx_word' id='word_1_180' title='bbox 1179 3648 1415 3717; x_wconf 89' lang='lat' dir='ltr'>Dunelmensis</span> <span class='ocrx_word' id='word_1_181' title='bbox 1447 3654 1483 3716; x_wconf 91' lang='lat' dir='ltr'>et</span> <span class='ocrx_word' id='word_1_182' title='bbox 1506 3673 1638 3740; x_wconf 44' lang='lat' dir='ltr'>sump„</span> 
     </span>
    </p>
   </div>
   <div class='ocr_carea' id='block_1_4' title="bbox 566 3749 1223 3840">
    <p class='ocr_par' dir='ltr' id='par_1_7' title="bbox 566 3749 1223 3840">
     <span class='ocr_line' id='line_1_25' title="bbox 566 3749 1223 3840; baseline 0 -20"><span class='ocrx_word' id='word_1_183' title='bbox 566 3758 696 3821; x_wconf 87' lang='lat' dir='ltr'>tuosam</span> <span class='ocrx_word' id='word_1_184' title='bbox 717 3750 805 3840; x_wconf 89' lang='lat' dir='ltr'>oepit</span> <span class='ocrx_word' id='word_1_185' title='bbox 826 3751 997 3840; x_wconf 84' lang='lat' dir='ltr'>negotium</span> <span class='ocrx_word' id='word_1_186' title='bbox 1019 3749 1223 3820; x_wconf 85' lang='lat' dir='ltr'>diletionem</span> 
     </span>
    </p>
   </div>
   <div class='ocr_carea' id='block_1_5' title="bbox 564 4077 1617 4782">
    <p class='ocr_par' dir='ltr' id='par_1_8' title="bbox 564 4077 1617 4303">
     <span class='ocr_line' id='line_1_26' title="bbox 600 4077 1477 4146; baseline 0 -17"><span class='ocrx_word' id='word_1_187' title='bbox 600 4079 607 4109; x_wconf 91' lang='lat'>¹</span> <span class='ocrx_word' id='word_1_188' title='bbox 619 4078 705 4145; x_wconf 76' lang='lat' dir='ltr'>morte]</span> <span class='ocrx_word' id='word_1_189' title='bbox 719 4077 863 4144; x_wconf 70' lang='lat' dir='ltr'>Originally</span> <span class='ocrx_word' id='word_1_190' title='bbox 869 4078 969 4130; x_wconf 67' lang='lat' dir='ltr'>written</span> <span class='ocrx_word' id='word_1_191' title='bbox 981 4080 1073 4144; x_wconf 79' lang='lat' dir='ltr'>turpic-</span> <span class='ocrx_word' id='word_1_192' title='bbox 1150 4081 1159 4110; x_wconf 77' lang='lat'><strong>⁴</strong></span> <span class='ocrx_word' id='word_1_193' title='bbox 1171 4077 1285 4146; x_wconf 72' lang='lat' dir='ltr'>macla]</span> <span class='ocrx_word' id='word_1_194' title='bbox 1303 4087 1413 4143; x_wconf 81' lang='lat' dir='ltr'>timultu,</span> <span class='ocrx_word' id='word_1_195' title='bbox 1420 4079 1477 4131; x_wconf 81' lang='lat' dir='ltr'>MS.</span> 
     </span>
     <span class='ocr_line' id='line_1_27' title="bbox 564 4157 1617 4225; baseline 0.002 -17"><span class='ocrx_word' id='word_1_196' title='bbox 564 4157 627 4208; x_wconf 78' lang='lat' dir='ltr'>rima</span> <span class='ocrx_word' id='word_1_197' title='bbox 649 4165 730 4220; x_wconf 77' lang='lat' dir='ltr'>morte,</span> <span class='ocrx_word' id='word_1_198' title='bbox 752 4159 799 4210; x_wconf 81' lang='lat' dir='ltr'>but</span> <span class='ocrx_word' id='word_1_199' title='bbox 821 4158 964 4224; x_wconf 70' lang='lat' dir='ltr'>turpissimo</span> <span class='ocrx_word' id='word_1_200' title='bbox 986 4159 1072 4210; x_wconf 84' lang='lat' dir='ltr'>subse-</span> <span class='ocrx_word' id='word_1_201' title='bbox 1149 4159 1211 4210; x_wconf 80' lang='lat' dir='ltr'>&#39;He</span> <span class='ocrx_word' id='word_1_202' title='bbox 1236 4160 1303 4220; x_wconf 89' lang='lat' dir='ltr'>died,</span> <span class='ocrx_word' id='word_1_203' title='bbox 1322 4159 1428 4225; x_wconf 84' lang='lat' dir='ltr'>“primo</span> <span class='ocrx_word' id='word_1_204' title='bbox 1454 4159 1495 4211; x_wconf 86' lang='lat' dir='ltr'>die</span> <span class='ocrx_word' id='word_1_205' title='bbox 1523 4158 1617 4212; x_wconf 78' lang='lat' dir='ltr'>mensis</span> 
     </span>
     <span class='ocr_line' id='line_1_28' title="bbox 566 4235 1342 4303; baseline 0.005 -15"><span class='ocrx_word' id='word_1_206' title='bbox 566 4237 778 4303; x_wconf 81' lang='lat' dir='ltr'>quentlyerered.</span> <span class='ocrx_word' id='word_1_207' title='bbox 1115 4235 1206 4302; x_wconf 84' lang='lat' dir='ltr'>Maii‚&#39;&#39;</span> <span class='ocrx_word' id='word_1_208' title='bbox 1216 4239 1258 4290; x_wconf 87' lang='lat' dir='ltr'>W.</span> <span class='ocrx_word' id='word_1_209' title='bbox 1270 4239 1302 4292; x_wconf 91' lang='lat' dir='ltr'>B.</span> <span class='ocrx_word' id='word_1_210' title='bbox 1312 4239 1342 4292; x_wconf 82' lang='lat' dir='ltr'>O.</span> 
     </span>
    </p>

    <p class='ocr_par' dir='ltr' id='par_1_9' title="bbox 565 4316 1615 4703">
     <span class='ocr_line' id='line_1_29' title="bbox 598 4316 1520 4387; baseline 0.005 -20"><span class='ocrx_word' id='word_1_211' title='bbox 598 4318 651 4367; x_wconf 78' lang='lat' dir='ltr'>’Iu</span> <span class='ocrx_word' id='word_1_212' title='bbox 659 4316 812 4383; x_wconf 77' lang='lat' dir='ltr'>themargin</span> <span class='ocrx_word' id='word_1_213' title='bbox 820 4331 864 4368; x_wconf 85' lang='lat' dir='ltr'>are</span> <span class='ocrx_word' id='word_1_214' title='bbox 875 4317 962 4369; x_wconf 74' lang='lat' dir='ltr'>dnn</span> <span class='ocrx_word' id='word_1_215' title='bbox 972 4317 1071 4368; x_wconf 65' lang='lat' dir='ltr'>amine</span> <span class='ocrx_word' id='word_1_216' title='bbox 1148 4317 1282 4386; x_wconf 69' lang='lat' dir='ltr'>&#39;elipendq</span> <span class='ocrx_word' id='word_1_217' title='bbox 1297 4320 1452 4387; x_wconf 77' lang='lat' dir='ltr'>eligendum,</span> <span class='ocrx_word' id='word_1_218' title='bbox 1463 4319 1520 4372; x_wconf 59' lang='lat' dir='ltr'>Md</span> 
     </span>
     <span class='ocr_line' id='line_1_30' title="bbox 566 4397 1615 4466; baseline 0.001 -18"><span class='ocrx_word' id='word_1_219' title='bbox 566 4399 617 4448; x_wconf 82' lang='lat' dir='ltr'>aud</span> <span class='ocrx_word' id='word_1_220' title='bbox 635 4397 730 4449; x_wconf 85' lang='lat' dir='ltr'>crosier</span> <span class='ocrx_word' id='word_1_221' title='bbox 749 4397 872 4448; x_wconf 82' lang='lat' dir='ltr'>reversed.</span> <span class='ocrx_word' id='word_1_222' title='bbox 907 4397 963 4448; x_wconf 78' lang='lat' dir='ltr'>The</span> <span class='ocrx_word' id='word_1_223' title='bbox 980 4397 1076 4449; x_wconf 77' lang='lat' dir='ltr'>footof</span> <span class='ocrx_word' id='word_1_224' title='bbox 1148 4397 1374 4466; x_wconf 63' lang='lat' dir='ltr'>’wicus-rrimus]</span> <span class='ocrx_word' id='word_1_225' title='bbox 1389 4399 1472 4450; x_wconf 83' lang='lat' dir='ltr'>Inthe</span> <span class='ocrx_word' id='word_1_226' title='bbox 1485 4399 1615 4466; x_wconf 76' lang='lat' dir='ltr'>marginis</span> 
     </span>
     <span class='ocr_line' id='line_1_31' title="bbox 565 4475 1614 4542; baseline 0.003 -15"><span class='ocrx_word' id='word_1_227' title='bbox 565 4477 610 4527; x_wconf 83' lang='lat' dir='ltr'>the</span> <span class='ocrx_word' id='word_1_228' title='bbox 633 4478 727 4528; x_wconf 83' lang='lat' dir='ltr'>crosier</span> <span class='ocrx_word' id='word_1_229' title='bbox 746 4475 893 4528; x_wconf 82' lang='lat' dir='ltr'>terminatas</span> <span class='ocrx_word' id='word_1_230' title='bbox 910 4475 938 4526; x_wconf 88' lang='lat' dir='ltr'>iu</span> <span class='ocrx_word' id='word_1_231' title='bbox 958 4491 1070 4542; x_wconf 81' lang='lat' dir='ltr'>aspear,</span> <span class='ocrx_word' id='word_1_232' title='bbox 1114 4477 1248 4542; x_wconf 73' lang='lat' dir='ltr'>addedd,</span> <span class='ocrx_word' id='word_1_233' title='bbox 1267 4479 1307 4530; x_wconf 86' lang='lat' dir='ltr'>ie.</span> <span class='ocrx_word' id='word_1_234' title='bbox 1327 4478 1434 4530; x_wconf 80' lang='lat' dir='ltr'>dubium.</span> <span class='ocrx_word' id='word_1_235' title='bbox 1469 4478 1517 4531; x_wconf 88' lang='lat' dir='ltr'>See</span> <span class='ocrx_word' id='word_1_236' title='bbox 1534 4478 1614 4540; x_wconf 72' lang='lat' dir='ltr'>rati,</span> 
     </span>
     <span class='ocr_line' id='line_1_32' title="bbox 565 4555 1221 4608; baseline 0 -1"><span class='ocrx_word' id='word_1_237' title='bbox 565 4556 616 4607; x_wconf 80' lang='lat' dir='ltr'>and</span> <span class='ocrx_word' id='word_1_238' title='bbox 634 4571 696 4606; x_wconf 86' lang='lat' dir='ltr'>near</span> <span class='ocrx_word' id='word_1_239' title='bbox 713 4556 756 4606; x_wconf 84' lang='lat' dir='ltr'>the</span> <span class='ocrx_word' id='word_1_240' title='bbox 774 4555 873 4607; x_wconf 75' lang='lat' dir='ltr'>heedir</span> <span class='ocrx_word' id='word_1_241' title='bbox 889 4571 923 4606; x_wconf 85' lang='lat' dir='ltr'>an</span> <span class='ocrx_word' id='word_1_242' title='bbox 935 4557 1070 4608; x_wconf 79' lang='lat' dir='ltr'>axe-blado</span> <span class='ocrx_word' id='word_1_243' title='bbox 1114 4555 1152 4606; x_wconf 88' lang='lat' dir='ltr'>iii.</span> <span class='ocrx_word' id='word_1_244' title='bbox 1164 4561 1221 4607; x_wconf 81' lang='lat'>285.</span> 
     </span>
     <span class='ocr_line' id='line_1_33' title="bbox 566 4634 1504 4703; baseline 0.004 -18"><span class='ocrx_word' id='word_1_245' title='bbox 566 4634 853 4687; x_wconf 75' lang='lat' dir='ltr'>auachcdtothectaffi</span> <span class='ocrx_word' id='word_1_246' title='bbox 1146 4635 1288 4703; x_wconf 78' lang='lat' dir='ltr'>&#39;idoneumJ</span> <span class='ocrx_word' id='word_1_247' title='bbox 1302 4637 1437 4702; x_wconf 86' lang='lat' dir='ltr'>ydoneum,</span> <span class='ocrx_word' id='word_1_248' title='bbox 1448 4636 1504 4689; x_wconf 87' lang='lat' dir='ltr'>MS.</span> 
     </span>
    </p>

    <p class='ocr_par' dir='ltr' id='par_1_10' title="bbox 599 4713 978 4782">
     <span class='ocr_line' id='line_1_34' title="bbox 599 4713 978 4782; baseline 0.003 -16"><span class='ocrx_word' id='word_1_249' title='bbox 599 4715 610 4744; x_wconf 87' lang='lat'>⁸</span> <span class='ocrx_word' id='word_1_250' title='bbox 621 4714 770 4782; x_wconf 75' lang='lat' dir='ltr'>indefessus]</span> <span class='ocrx_word' id='word_1_251' title='bbox 789 4713 910 4778; x_wconf 72' lang='lat' dir='ltr'>indecens,</span> <span class='ocrx_word' id='word_1_252' title='bbox 921 4713 978 4767; x_wconf 80' lang='lat' dir='ltr'>MS.</span> 
     </span>
    </p>
   </div>
   <div class='ocr_carea' id='block_1_6' title="bbox 0 0 2126 6153">
    <p class='ocr_par' dir='ltr' id='par_1_11' title="bbox 0 0 2126 6153">
     <span class='ocr_line' id='line_1_35' title="bbox 0 0 2126 6153; baseline 0 0"><span class='ocrx_word' id='word_1_253' title='bbox 0 0 2126 6153; x_wconf 95' lang='lat' dir='ltr'> </span> 
     </span>
    </p>
   </div>
  </div>
 </body>
</html>
