4242 6159
576 1009 620 1073 60
709 1020 874 1074 ulrrssr
896 1022 1108 1074 rss1s1sus1s
1130 1023 1293 1074 srsrosrr
1315 1023 1514 1076 suououuu.

409 1204 478 1258 M).
492 1210 564 1258 uos.
570 1198 674 1286 jussit
697 1199 827 1287 pondus
847 1220 1014 1266 armorum
1036 1197 1180 1288 episeopi
1194 1203 1229 1266 et
1250 1198 1478 1280 eruhidiseoni
1502 1203 1538 1267 et
1560 1201 1641 1267 ole-.

575 1304 718 1369 rieorum
747 1304 806 1390 qui
835 1325 909 1369 oum
938 1303 1020 1390 ipsis
1045 1300 1161 1382 erunt,¹
1186 1303 1223 1368 in
1246 1306 1380 1370 tuntum
1402 1303 1561 1385 alleviari,
1584 1309 1641 1371 ut.

407 1424 519 1477 Ridere
574 1405 685 1472 lorieae
720 1427 833 1472 eorum
870 1406 1119 1493 deponerentur.
1174 1404 1227 1484 Et,
1262 1405 1362 1472 misse
1391 1405 1493 1474 lorice
1517 1406 1641 1473 erebi.

408 1494 482 1608 ᾖξ’
492 1493 536 1581 ²3¹⁰
574 1508 704 1578 diseoni
735 1508 794 1576 et'
816 1509 959 1596 episcopi
992 1508 1126 1576 domino
1158 1531 1261 1597 pepae,
1283 1508 1417 1596 scripsit
1438 1508 1469 1576 ei
1498 1509 1544 1576 sie
1570 1509 1639 1576 in-.

408 1573 522 1704 obii'
574 1613 698 1699 quens,
734 1612 855 1691 “viee
878 1613 907 1678 u
928 1612 1043 1678 eune
1072 1611 1135 1676 eru
1160 1612 1211 1678 eui
1233 1611 1288 1692 su,
1326 1633 1370 1678 en
1402 1611 1518 1678 nonu
1573 1612 1639 1679 Ae.

407 1693 506 1823 ffiw
519 1693 660 1804 thepepe
681 1714 854 1782 subridens
875 1714 1055 1802 respondit,
1086 1735 1161 1780 eum
1194 1713 1331 1782 vidisset
1360 1713 1496 1781 loricam
1529 1736 1638 1804 mag-.

572 1840 651 1883 nem
673 1823 709 1884 et
728 1817 883 1906 rubigine
899 1817 972 1904 jem
994 1816 1145 1898 tinctum,
1177 1823 1196 1854 ‘¹
1207 1816 1301 1900 Vere,
1327 1839 1395 1884 non
1426 1823 1477 1884 est
1505 1818 1639 1884 tunice·

546 1949 549 1952 ⁴
572 1920 628 1986 vel
642 1919 756 1987 fratris
770 1920 823 1986 vel
837 1920 901 1986 filii
917 1921 992 1999 mei,
1003 1919 1106 1985 immo
1125 1940 1186 1985 nee
1199 1919 1261 1986 filii
1282 1919 1371 2007 paeis
1393 1919 1449 1986 vel
1470 1920 1637 1999 eeelesiae,.

571 2023 630 2089 sed
651 2024 763 2112 potius
777 2021 839 2087 filii
861 2021 999 2104 Mertis3
1021 2021 1206 2088 liberentur
1226 2022 1331 2110 igitur
1352 2022 1430 2088 telis
1449 2023 1637 2111 episeopus·

572 2130 608 2191 et
628 2127 691 2205 sui,
713 2125 772 2213 qui
786 2124 907 2191 armati
928 2124 1194 2207 inveniebantur,
1217 2147 1276 2213 per
1296 2124 1555 2214 redemptionem
1574 2126 1636 2192 sd·

572 2229 658 2318 regis
680 2225 917 2296 voluntatem?

596 2543 646 2612 De
671 2542 824 2632 quodum
852 2540 1013 2612 mirabile
1033 2541 1166 2612 duom
1187 2543 1258 2611 siue
1278 2543 1479 2613 revolutione
1494 2544 1593 2632 sodo

806 2645 947 2714 suun
967 2645 1133 2714 moruebo
1155 2646 1195 2714 de
1216 2645 1388 2714 Eoesboou

404 2821 504 2873 vision·
617 2798 713 2865 Circa
734 2799 809 2866 illos
831 2800 901 2866 dies
922 2799 1011 2866 fsete
1031 2806 1084 2866 eet
1098 2798 1260 2867 divinitus
1282 2799 1434 2888 quaedam
1456 2789 1635 2866 mirabilis.

403 2892 508 3008 {31¹}ka
508 2907 535 3008 ξ
570 2900 656 2967 visio
678 2902 749 2968 sive
777 2901 937 2969 revelatio
963 2903 1094 2969 cuidem
1116 2903 1275 2970 monacho
1300 2902 1544 2982 Eveshumensi,
1575 2903 1635 2969 de.

403 3022 537 3076 smum
569 3004 699 3091 gaudiis
723 3005 878 3093 paradisi,
909 3011 945 3072 et
969 3005 1011 3072 de
1033 3005 1113 3072 loeis
1142 3005 1330 3095 poenalibus
1352 3012 1387 3073 et
1415 3005 1635 3094 purgatorio..

570 3107 652 3188 Quae
674 3108 757 3172 visio
780 3106 854 3174 ideo
885 3108 959 3196 plus
981 3108 1181 3187 credebatur,
1206 3109 1285 3197 quie
1316 3131 1376 3196 per
1396 3109 1524 3196 aliquot
1546 3107 1634 3174 dies.

564 3209 673 3296 jacuit
694 3210 784 3276 idem
798 3211 977 3278 monachus
992 3212 1087 3299 qussi
1109 3211 1146 3276 in
1166 3212 1282 3290 extasi,
1297 3217 1337 3277 ut
1351 3232 1412 3278 neo
1433 3213 1531 3278 vivus
1553 3233 1634 3278 nee.

569 3318 719 3378 mortuus
744 3312 960 3399 judicaretur.
1014 3313 1119 3400 Cujus
1148 3313 1285 3380 visionis
1318 3315 1373 3380 vel
1403 3313 1633 3382 revelationis.

569 3414 647 3500 quin
668 3415 816 3480 narratio
830 3415 961 3503 prolixe
975 3419 1033 3492 est,
1056 3416 1163 3502 ipsum
1177 3415 1255 3481 huie
1276 3415 1429 3504 puginae³
1450 3437 1519 3482 non
1540 3437 1632 3482 oen-.

568 3539 622 3582 seo
646 3517 891 3583 contexendam.
947 3516 1014 3582 Sed
1044 3517 1147 3605 siquis
1169 3539 1249 3598 eom,
1271 3519 1350 3605 quie
1371 3518 1533 3585 mirubilis
1562 3524 1631 3584 est.

567 3623 602 3684 et
632 3640 718 3696 veru,
745 3619 904 3707 inspicere
926 3619 1113 3700 desideret,⁴
1137 3621 1226 3708 opud
1252 3620 1410 3688 Ssnetum
1433 3621 1632 3700 Albmum„

567 3719 653 3785 sieut
667 3725 703 3786 et
717 3721 807 3807 apud
830 3721 1025 3801 Euueshem,
1047 3722 1177 3810 plenius
1198 3722 1391 3814 inscriptum
1413 3724 1538 3812 poterit
1562 3745 1632 3790 re-.

568 3820 695 3910 perire.l

603 4116 609 4145 ¹
621 4113 706 4179 aare]
724 4113 817 4165 Added
827 4129 861 4164 on
872 4120 898 4164 to
909 4113 953 4165 tbe
963 4120 1026 4166 text.
1146 4115 1231 4168 ’This
1238 4117 1357 4183 legendis
1367 4117 1477 4169 insuted
1487 4125 1514 4169 ut
1524 4118 1611 4185 length

600 4193 789 4244 ‘archidiaconi
798 4193 835 4259 et]
847 4194 940 4244 Added
947 4194 976 4244 in
986 4209 1065 4262 marg.
1114 4195 1140 4247 in
1162 4196 1316 4258 Wendorer,
1334 4196 1371 4248 iii.
1389 4200 1496 4259 97-117,
1511 4199 1565 4248 ωιὰ
1583 4197 1611 4248 in

601 4275 611 4304 ⁸
617 4271 731 4339 popinae]
749 4274 848 4340 pegine,
858 4273 916 4325 MS.
1114 4275 1144 4326 B.
1157 4276 1185 4329 (l.
1197 4277 1227 4328 F.
1239 4277 1291 4342 (ed.
1300 4276 1380 4337 wala,
1391 4292 1433 4343 pp.
1448 4279 1583 4343 les-leo.)

600 4353 610 4382 ⁴
620 4351 753 4419 desiderat]
772 4352 897 4412 dinderru.
909 4351 966 4404 MS.
