4242 6159
611 991 679 1058 336
733 1003 901 1056 nemum
923 1001 1139 1056 renumerare
1162 1001 1329 1055 marcant
1351 1003 1553 1056 morosum.

440 1193 670 1271 A.D.1ss1.pr0
693 1182 867 1249 voluntate
889 1204 959 1263 sua,
983 1181 1165 1269 repatriare
1185 1185 1377 1272 maturaret,
1399 1182 1489 1270 apud
1512 1181 1668 1250 Sanctam

611 1283 784 1351 Gemmam
802 1286 839 1351 in
858 1285 955 1352 domo
980 1285 1137 1351 Fratrum
1157 1284 1335 1366 Minorum,
1353 1277 1455 1351 tertia
1474 1287 1565 1352 dieta
1582 1287 1689 1359 citra.

610 1389 760 1469 Romam,
790 1387 877 1454 diem
910 1388 1031 1455 clausit
1052 1393 1247 1466 extremum,
1279 1389 1341 1455 iii0.
1371 1411 1475 1456 nonas
1500 1382 1849 1477 Augusustus-Went

610 1496 645 1558 ct
667 1493 722 1570 sic,
744 1494 815 1581 ipso
841 1491 1024 1580 expirante,
1055 1490 1255 1579 aspirabant
1289 1513 1363 1557 cum
1387 1513 1425 1560 eo
1447 1493 1583 1581 negotia
1604 1494 1687 1569 im·,
1703 1467 1741 1504 η’
1756 1458 1819 1504 m

440 1609 557 1675 stempt
572 1601 749 1684 apetrata
795 1595 846 1662 De
884 1615 950 1681 quo
988 1595 1049 1662 boc
1086 1595 1237 1662 mirabile
1276 1596 1404 1677 accidit,
1454 1597 1551 1683 quod,
1590 1619 1686 1664 cum.

440 1679 865 1795 {fflffiepontificalibua
890 1698 976 1764 sicut
998 1697 1099 1764 moris
1122 1701 1180 1776 est,
1198 1719 1316 1786 corpus
1339 1698 1486 1765 defuncti
1508 1699 1685 1788 sepelien.

441 1810 525 1875 shop’s
610 1803 690 1868 dum
723 1802 949 1890 insigniretur,
985 1800 1025 1866 de
1056 1805 1154 1868 nocte
1188 1805 1353 1868 venerunt
1390 1801 1539 1868 homines
1576 1801 1686 1870 iliius.

441 1879 519 1930 mh·
608 1905 735 1993 patrioe,
767 1903 825 1990 qni
854 1903 926 1970 hoec
954 1902 1068 1970 omnia
1090 1901 1184 1970 oculo
1206 1902 1427 1970 faecinnanti¹
1451 1910 1685 1994 aspexerant3.

607 2010 809 2096 aperuerunt
832 2006 873 2073 de
895 2011 992 2072 nocte
1022 2005 1240 2093 sepulchrum,
1272 2007 1443 2094 cupientes
1465 2013 1506 2074 ut
1528 2007 1684 2076 anulum.

608 2109 731 2177 etalio
760 2110 905 2196 insignia
927 2107 1124 2196 episcopalia
1152 2108 1350 2188 furarentur,
1376 2109 1485 2197 [sedP
1514 2110 1682 2177 nudavi.

607 2213 662 2278 vel
699 2212 835 2299 ingenio
866 2211 1073 2299 propositum
1112 2232 1209 2277 suurn
1238 2216 1396 2299 poterant
1426 2235 1683 2280 consummare..

609 2315 828 2381 Recesserunt
862 2334 939 2401 ergo
974 2313 1110 2392 condrei,
1143 2318 1177 2380 et
1210 2320 1344 2402 pectora
1375 2336 1444 2397 sua,
1477 2315 1514 2381 in
1542 2316 1683 2403 quibus.

608 2417 764 2484 scelerata
786 2417 886 2484 corda
907 2416 1101 2500 latitabant,
1124 2417 1374 2504 percusserunt.³

610 2736 709 2824 Quod
730 2757 788 2804 ccc
802 2735 945 2823 atriplice
965 2743 1136 2804 ccccmtm
1157 2736 1204 2804 sit
1223 2758 1247 2877 p
1265 2736 1404 2826 cupitis
1425 2735 1553 2806 sorotis
1573 2737 1663 2824 repas

1040 2841 1224 2909 Scotorum.

441 3001 581 3068 Ηοιιηιο·
654 2988 778 3055 Eodem
801 2993 948 3076 tempore
970 3010 1031 3055 rex
1052 2987 1246 3075 Anglorum,
1270 2991 1457 3056 constructo
1479 2986 1515 3054 in
1538 2985 1661 3055 Wallia
1671 3006 1840 3074 Roawens.

440 3068 587 3188 ffi'ff
610 3091 746 3158 castello
768 3090 967 3178 supradicto,
989 3112 1101 3157 mense
1125 3088 1277 3156 Octobris
1299 3090 1336 3156 in
1357 3089 1515 3179 Angliam
1537 3113 1660 3158 remea-
1701 3077 1737 3129 iv.
1750 3083 1810 3132 ²²⁷·

441 3223 482 3273 110
492 3238 550 3288 1³¹⁰*
610 3195 670 3261 vit.
716 3195 892 3282 Proposuit
923 3215 1002 3260 sane
1034 3194 1124 3260 idem
1153 3214 1214 3263 rex
1243 3215 1282 3260 eo
1304 3198 1450 3282 tempore
1485 3195 1601 3261 ducere
1623 3195 1661 3260 in

440 3298 579 3408 iffmibe
610 3319 748 3364 uxorem
774 3317 918 3364 sororem
939 3297 1027 3384 regis
1049 3295 1234 3376 Scotorum,
1258 3296 1509 3386 indignantibus
1531 3299 1659 3365 comiti-

441 3371 672 3475 offoruebus
701 3404 736 3467 et
758 3400 938 3467 baronibus
966 3401 1035 3466 suia
1065 3400 1237 3478 universis,
1267 3401 1429 3489 praecipue
1460 3400 1678 3470 Marescsllo..

440 3490 569 3609 {mm
610 3505 688 3571 Non
716 3503 814 3581 enim,
837 3508 877 3569 ut
899 3503 1002 3579 aiunt,
1033 3503 1177 3580 decebat,
1209 3503 1298 3589 quod
1327 3524 1387 3568 rex
1416 3504 1549 3571 duceret
1575 3512 1659 3571 natu

609 3607 713 3674 filiam
735 3607 905 3684 minorem,
938 3626 1012 3671 cum
1044 3603 1218 3672 Hubertus
1247 3605 1453 3692 justiciarius
1482 3612 1566 3672 natu
1589 3630 1658 3674 ma-

442 3724 588 3804 Thecount
605 3709 712 3799 jerem
734 3707 871 3775 haberet
893 3707 958 3774 sibi
977 3708 1191 3774 matrimonio
1208 3708 1402 3796 copulatam.
1449 3707 1515 3775 Sed
1533 3710 1576 3776 ab
1596 3710 1658 3777 hoc

438 3791 599 3910 ffiw
611 3812 778 3902 proposito
800 3833 875 3879 curn
900 3833 958 3899 per
975 3810 1215 3887 ,Marescallum
1238 3815 1273 3876 et
1294 3811 1446 3877 comitem
1473 3811 1679 3880 Britannice.

439 3927 522 3977 hone.
609 3938 670 3982 rex
691 3915 819 3980 invitus
839 3918 1059 3994 revocaretur,
1084 3913 1178 3979 dedit
1200 3911 1306 3980 eidem
1329 3915 1441 3979 comiti
1465 3914 1656 3982 Britannia.

608 4041 638 4086 v.
662 4018 755 4084 milia
784 4037 910 4082 marcae
939 4016 1078 4104 argenti,
1108 4021 1143 4081 et
1171 4016 1217 4082 sic
1246 4015 1290 4080 ad
1315 4016 1446 4105 propria
1471 4039 1577 4084 comes
1606 4039 1657 4086 rc·

607 4121 739 4189 meavit

1871 3485 1881 3534 <

615 4297 620 4300 .
656 4291 819 4300 ———--
832 4290 980 4296 --—-—-

643 4398 650 4427 ¹
662 4391 835 4460 sesciacum]
855 4389 1020 4452 fascinnante,
1031 4390 1088 4443 MS.
1155 4391 1278 4443 sentation
1296 4392 1327 4442 cf
1338 4392 1381 4443 the
1391 4399 1496 4458 attempt
1507 4399 1534 4444 to
1550 4395 1656 4458 plunder
1672 4377 1678 4390 ¹

642 4472 723 4540 ²scd]
748 4471 868 4537 Supplied
884 4478 911 4520 to
927 4470 1049 4534 complete
1068 4469 1111 4521 tbe
1155 4469 1198 4520 the
1209 4469 1381 4536 archbishop's
1392 4473 1469 4523 tcmb.
1671 4471 1697 4492 ⁴'

609 4569 687 4605 sense
1187 4549 1238 4600 ⁴111
1249 4551 1279 4601 B.
1292 4551 1342 4601 dria
1352 4550 1457 4616 chapter
1467 4552 1490 4602 is
1500 4553 1605 4605 marked
1617 4554 1653 4619 by

641 4632 704 4685 ’On
732 4632 775 4682 tbe
803 4631 881 4683 lower
907 4628 1006 4696 margin
1024 4629 1055 4679 oi
1066 4629 1109 4680 tbe
1154 4629 1275 4682 Mettberr
1286 4629 1385 4682 Paris“
1399 4630 1654 4700 Offmdiccium,’'but

609 4713 744 4779 preceding
754 4727 819 4778 page
835 4711 884 4762 isa
896 4711 1016 4763 coloured
1026 4723 1110 4774 reprc-
1152 4710 1174 4761 it
1184 4710 1207 4762 is
1218 4710 1331 4761 retained
1342 4710 1370 4760 in
1382 4709 1410 4762 O.
