4242 6159
575 1003 638 1068 168
692 1017 858 1067 uerrunr
881 1015 1095 1068 rar1s1rrsrs
1117 1015 1281 1069 nrsroms
1303 1017 1504 1070 suonoauu.
1557 992 1559 996 ’

406 1205 473 1256 an.
489 1209 559 1255 121⁵.
572 1193 692 1280 potuit,
715 1193 807 1259 misit
833 1198 943 1259 autem
975 1214 1035 1280 pro
1065 1215 1100 1259 se
1122 1192 1282 1259 vicarium
1312 1214 1410 1259 suum
1439 1189 1623 1256 Antdiden·

573 1294 663 1362 sem¹
688 1296 895 1384 episcopum3
917 1295 1163 1362 Alexandrinus
1175 1317 1264 1374 vero,
1287 1295 1348 1360 sub
1371 1295 1623 1360 macenorum

573 1398 719 1466 dominio
753 1399 961 1478 constitut-ue,
994 1399 1075 1464 fecit
1110 1399 1198 1485 quod
1236 1398 1356 1485 potuit,
1391 1396 1528 1462 mittens
1564 1416 1625 1481 pro
1658 1452 1663 1463 .

573 1523 607 1566 se
634 1501 809 1568 diaconum
842 1523 945 1567 suum,
1004 1501 1169 1566 Primates
1203 1523 1281 1566 vero
1312 1504 1347 1565 et
1379 1496 1623 1584 metropolitani

573 1602 698 1680 lxxvii,
733 1603 869 1670 abbates
902 1610 936 1669 et
968 1603 1091 1691 priores
1124 1604 1213 1670 ultra
1246 1603 1476 1689 octingentos3
1512 1620 1625 1686 procu·
1658 1655 1665 1668 .

574 1715 698 1774 ratores
720 1729 798 1774 vero
830 1707 1156 1795 archiepiscoporum,
1189 1706 1425 1795 episcoporum,
1455 1704 1623 1782 abbatum,
1660 1762 1665 1776 ,

575 1811 717 1897 priorum
751 1815 786 1876 et
819 1811 1037 1897 capitulorum
1074 1810 1271 1888 absentium,
1309 1815 1418 1875 certus
1455 1829 1525 1874 uon
1559 1807 1626 1872 fuit

573 1935 733 1978 numerus.
781 1913 982 2000 Legatorum
1008 1935 1088 1979 vero
1119 1913 1326 2000 imperatoris
1352 1910 1626 1997 Constantinopo-

573 2017 677 2095 litani,
700 2018 787 2104 regis
810 2017 939 2096 Siciliae,
962 2017 999 2082 in
1021 2017 1246 2084 Romanorum
1268 2016 1498 2103 imperatorem
1521 2013 1625 2088 electi,
1659 2071 1664 2086 ,

572 2120 659 2207 regis
682 2119 710 2185 F
711 2120 839 2198 rasciae,
863 2121 950 2208 regis
974 2119 1116 2206 Angliaa
1141 2119 1334 2206 Hungariae,
1357 2117 1625 2192 derosolimitani,
1658 2177 1664 2186 .

573 2223 675 2309 Cipri,
710 2219 944 2309 Arragonum²
975 2243 1102 2287 necnon
1133 2229 1168 2288 et
1200 2222 1339 2287 aliorum
1373 2219 1557 2308 principum
1590 2225 1626 2285 et

573 2329 774 2411 magnatum,
799 2325 974 2391 civitatum
997 2330 1032 2390 et
1055 2325 1194 2393 aliorum
1216 2324 1371 2405 locorum,
1392 2322 1510 2410 ingens
1529 2322 1625 2388 affuit

574 2427 762 2494 multitudo.

590 2697 639 2763 Dc
669 2696 883 2764 accusatione
914 2695 1122 2785 mearant}
1142 2693 1423 2814 ’Oarrtrrericrarir
1446 2692 1614 2782 areleffi·

1058 2822 1157 2886 accpi.

407 2958 561 3013 Aoemauon
621 2947 663 3013 In
701 2947 761 3014 boc
799 2948 933 3015 concilio
972 2953 1137 3015 steterunt
1184 2953 1301 3014 contra
1345 2946 1622 3035 archiepiscopum
1634 2963 1795 3041 Ingerens.

407 3029 554 3147 tltaenlll’l
576 3051 847 3117 Obsslwiemem
884 3057 1111 3139 procuratores
1157 3050 1245 3138 regis
1281 3049 1474 3138 Anglorum,
1521 3049 1625 3116 abbas
1661 3033 1698 3082 ur.
1711 3041 1770 3085 ars.

406 3162 531 3276 bprrbr
574 3154 731 3220 videlicet
764 3154 805 3220 de
838 3155 1024 3237 Bello-loco,
1050 3155 1193 3218 Thomas
1216 3152 1257 3218 de
1280 3152 1502 3233 Herdintona,
1529 3151 1624 3218 miles

405 3229 544 3359 2302?
573 3256 735 3336 literatus,
759 3263 793 3322 et
817 3257 1017 3324 Godefridus
1044 3257 1086 3321 de
1108 3254 1323 3332 Oraucumbe,
1358 3255 1453 3321 miles
1485 3255 1621 3336 aulicus,
1659 3309 1666 3323 .

573 3366 763 3426 constanter
786 3365 977 3426 accusantes
1001 3359 1151 3436 eundern,
1174 3359 1316 3446 eoquod
1337 3357 1477 3424 barones
1491 3358 1666 3446 Angliae..

573 3468 689 3528 contra
704 3484 815 3548 regem
831 3463 984 3543 erexerit,
1001 3468 1035 3527 et
1049 3459 1247 3548 quibusdam
1262 3460 1449 3527 rationibus
1471 3466 1506 3527 et
1522 3461 1642 3528 cartis.

572 3565 758 3630 armaverit.
805 3565 851 3631 Et
874 3587 948 3631 curn
970 3587 992 3630 a
1007 3565 1084 3630 sede
1106 3564 1287 3652 apostoliea
1300 3563 1414 3631 literas
1436 3565 1622 3653 accepisset,

572 3674 611 3733 ut
633 3667 739 3732 dictos
762 3672 935 3754 magnates
957 3689 1016 3754 per
1037 3689 1210 3734 censuram
1233 3666 1483 3734 ecclesiasticam
1506 3691 1528 3733 a
1550 3691 1621 3756 per·
1634 3683 1797 3764 Ropwena

572 3770 739 3836 secutione
762 3770 849 3858 regis
871 3770 1071 3857 refraenaret,
1104 3769 1174 3857 ipse
1206 3769 1242 3834 id
1273 3769 1379 3835 facere
1402 3769 1623 3850 dissimulans,
1660 3761 1772 3808 ¹¹¹·³⁴⁵·

570 3872 613 3938 ab
636 3871 785 3960 episcopo
808 3871 1031 3938 Wintoniensi
1057 3876 1092 3938 et
1115 3871 1183 3938 suis
1204 3872 1431 3958 conjudicibus
1453 3895 1474 3939 a
1496 3873 1624 3939 divino-

570 3997 644 4041 rum
678 3975 897 4042 celebratione
927 3981 961 4041 et
993 3976 1142 4062 ingressu
1179 3975 1321 4042 ecclesia
1356 3981 1407 4040 est
1441 3997 1623 4065 suspensus.

572 4079 691 4165 Sicque
714 4078 757 4144 ad
785 4078 958 4144 concilium
990 4097 1177 4166 properans,
1208 4077 1394 4143 manifestis
1428 4077 1558 4145 indiciis
1589 4103 1624 4144 se

571 4183 672 4248 fuisse
694 4181 868 4269 praeceptis
890 4181 1079 4269 apostolicis
1101 4181 1256 4248 rebellem
1280 4181 1435 4247 ostendit.

828 4365 837 4372 ,
877 4365 886 4371 ,
894 4365 922 4372 ,Π
1258 4365 1510 4372 --...—-.—-——-—
1525 4367 1550 4372 ..-

593 4474 795 4542 ¹Aardr'deurcm]
809 4475 1072 4536 Anterdidensemw.
1151 4475 1341 4543 2Απαφοιιιιηι]
1361 4475 1532 4542 Arroganum,
1543 4475 1600 4528 MS·

570 4555 591 4604 1.
625 4555 674 4605 We
691 4555 784 4606 should
803 4557 909 4622 perhaps
920 4558 980 4608 read
992 4556 1072 4608 Anta-

570 4633 692 4685 rodenaem
706 4634 851 4704 [Tortoea].
