4242 6159
567 1075 633 1140 484
693 1086 858 1139 murum
881 1084 1095 1139 ιιιιιειιιιιι
1116 1086 1279 1140 meroem
1299 1087 1500 1142 merosum

398 1273 468 1326 A..n
483 1277 554 1326 124⁴
548 1287 626 1354 per
647 1269 771 1332 cartam
793 1265 941 1332 omnium
961 1286 1156 1354 magnorum
1169 1264 1381 1352 praelatorum
1402 1266 1614 1334 orientalium

398 1353 684 1486 illaphll'ffigiffifl
706 1368 906 1452 roboratam,
930 1390 1070 1456 quaeqnc
1099 1369 1253 1436 omnibus
1282 1368 1495 1437 audientibus
1516 1371 1615 1437 timo-

400 1436 520 1556 Beyriut.
566 1492 636 1537 rem
666 1469 805 1537 incussit
842 1475 877 1537 et
914 1469 1082 1537 dolorem¹
1140 1468 1244 1556 eujus
1278 1492 1407 1536 summa
1438 1471 1510 1538 hsce
1541 1477 1611 1538 eet:

566 1571 861 1640 Succubuerrmt'
850 1595 886 1638 m
920 1572 1007 1639 bello
1029 1573 1071 1640 de
1093 1572 1314 1640 conventibus
1344 1574 1461 1640 domus
1483 1574 1614 1642 militiae

566 1675 703 1762 Templi,
727 1675 914 1763 Hospitalis
937 1673 1055 1741 Sancti
1088 1674 1262 1753 Johannis,
1284 1680 1319 1741 ct
1342 1675 1474 1742 Sanctae
1497 1676 1614 1743 Mariae

567 1777 854 1858 Theutonicorum,
892 1774 1084 1864 praeelecti⁹
1131 1777 1248 1844 xxxiii
1287 1777 1473 1865 Templarii,
1521 1780 1614 1846 xxvi.

567 1880 808 1968 Hospitelarii3
830 1884 866 1946 et
887 1886 956 1946 tres
979 1879 1098 1947 fratrea
1120 1879 1316 1946 Theutonici
1341 1886 1519 1947 evaserumt
1539 1886 1615 1948 tan-

565 1985 745 2062 tummodo,
769 1983 922 2050 omnibus
944 1984 1019 2050 aliis
1040 1983 1221 2071 peremptis
1251 1986 1287 2049 et
1310 1984 1425 2072 captis,
1449 1989 1486 2050 et
1508 1986 1613 2074 capti-

565 2087 662 2164 vatis,
698 2107 766 2152 non
803 2085 1008 2174 redemptis⁸
1068 2085 1258 2175 optimates
1294 2107 1374 2152 vero
1410 2091 1519 2167 terrae,
1554 2110 1614 2175 pro

564 2188 681 2276 majori
702 2195 805 2277 parte,
820 2211 894 2256 cum
917 2188 1083 2256 militibus
1105 2189 1175 2255 suis
1197 2187 1365 2256 interfecti
1387 2193 1476 2270 sunt,
1493 2197 1615 2277 praeter

566 2298 712 2381 stragem
749 2292 997 2360 balistariorum
1036 2297 1071 2358 et
1106 2291 1258 2380 peditum
1291 2291 1508 2359 infinitorum.
1562 2294 1614 2360 Dc

564 2395 811 2482 archiepiscopo
846 2416 926 2462 vero
960 2395 1109 2482 Tyrensi,
1136 2395 1288 2482 episeopo
1321 2393 1438 2462 Sancti
1469 2395 1612 2484 Georgii,

424 2525 429 2534 ·
565 2498 686 2564 abbate
709 2495 842 2564 Sanctae
873 2496 990 2565 Mariae
1020 2497 1061 2564 de
1082 2497 1257 2585 Josaphat,
1283 2496 1445 2586 Magistro
1476 2499 1613 2588 Templi,

564 2605 599 2666 et
621 2606 819 2687 praeceptore
842 2599 974 2667 Sanctae
991 2598 1109 2667 Marisa
1131 2598 1421 2681 Theutoniecrum,
1441 2604 1476 2667 et
1498 2623 1612 2689 quam-

562 2702 714 2792 pluribus
728 2703 802 2768 aliis
823 2703 985 2790 religiosis
1006 2707 1042 2769 et
1058 2703 1192 2781 clericis,
1207 2724 1284 2769 cum
1306 2724 1375 2769 non
1389 2705 1613 2792 apparuerint,

563 2807 709 2874 nescitur
730 2805 811 2894 quid
842 2807 887 2872 sit
919 2807 960 2872 de
991 2806 1082 2895 ipsis
1128 2806 1290 2894 Magister
1319 2828 1400 2872 vero
1424 2806 1614 2896 Hospitalis

564 2914 599 2977 et
621 2932 726 2976 comes
751 2909 918 2976 Walterus
949 2910 990 2976 de
1014 2909 1142 2976 Bresna
1174 2930 1250 2975 cnm
1274 2909 1390 2976 multis
1416 2910 1492 2975 aliis
1514 2913 1612 3000 capti,

563 3015 600 3079 in
623 3013 830 3078 Babiloniam
845 3017 925 3079 sunt
946 3012 1090 3079 abducti
1130 3011 1205 3079 Hoc
1227 3012 1363 3079 antem‘
1377 3014 1613 3080 exterminium

564 3117 722 3182 fecerunt·
737 3114 954 3194 Ohcrosmini,
978 3136 1062 3202 quos
1098 3137 1119 3179 a
1140 3114 1264 3181 finibus
1297 3116 1366 3181 suis
1388 3115 1520 3182 Tartari
1543 3118 1614 3184 vic·

563 3220 671 3286 lenter
708 3217 917 3305 expulerunt.
973 3217 1070 3304 Ipsos
1106 3217 1212 3304 igitur
1250 3217 1484 3286 Ohorosminos
1521 3222 1614 3286 misit
1634 3234 1678 3285 fol
1693 3239 1743 3286 ιιι
1756 3235 1779 3289 t.

567 3321 731 3388 Soldanus
770 3319 962 3401 Babiloniae,
1001 3319 1100 3385 simul
1136 3340 1211 3385 cum
1248 3320 1325 3400 suis,
1363 3321 1422 3407 qui
1458 3322 1613 3388 ducatum

566 3424 689 3491 eisdem
711 3422 961 3510 praestiterunt⁶
983 3428 1017 3488 et
1040 3421 1205 3489 auxilium
1227 3444 1325 3510 super
1346 3422 1559 3492 Christianos.

566 3713 741 3782 Dominus
774 3737 873 3803 papo
910 3713 961 3784 et⁰
993 3714 1257 3783 Ocuteeuricuec'e
1297 3716 1415 3784 electen
1452 3716 1616 3786 adhibent

656 3816 885 3904 diligentium,
922 3824 963 3886 ut
999 3817 1239 3886 commitetur
1276 3818 1454 3907 episcopua
1492 3821 1615 3889 ll'c'suto-

657 3919 799 3988 niensis.

402 4081 458 4133 The
469 4098 533 4148 pope
615 4070 742 4136 Diebus
757 4092 887 4157 quoque
910 4071 972 4137 sub
994 4070 1119 4138 eisdem
1134 4071 1288 4138 dominus
1302 4092 1390 4160 papa
1411 4078 1447 4139 et
1464 4072 1617 4140 dominus

402 4151 478 4268 2102,
477 4153 518 4268 ἓξ
571 4176 653 4240 elect
638 4178 692 4240 tus
716 4173 804 4240 Cant
789 4172 989 4240 tuariensis⁷
1012 4196 1144 4241 omnem
1175 4197 1274 4262 qnam
1296 4180 1435 4262 possunt
1456 4175 1617 4243 adhibent

604 4371 728 4436 ¹puoepue
744 4407 751 4423 .
768 4407 776 4422 .
793 4408 800 4423 .
817 4369 933 4437 ἀοΙιτιιι]
960 4369 1072 4423 Written
1150 4373 1160 4402 ¹
1172 4369 1308 4439 preclaro]
1339 4370 1432 4422 Added
1458 4386 1492 4421 on
1519 4378 1547 4422 to
1574 4370 1618 4422 the

572 4463 733 4527 onaslipof
745 4462 937 4527 vellumpaued
954 4478 1014 4514 over
1028 4464 1073 4514 the
1116 4457 1179 4502 1⁶¹¹*

573 4554 753 4621 originalx
710 4561 772 4617 text
794 4554 880 4605 which
897 4557 979 4618 reads,
1000 4571 1073 4621 quum
1117 4530 1369 4673 Agdssizffl'?
1392 4545 1439 4579 ’⁸⁰¹²
1471 4529 1614 4597 ’ΜΡΝ

573 4647 694 4698 talitro
723 4646 839 4697 Addimtu
841 4655 946 4698 ιιιιιιιιιιι
975 4646 1073 4715 plenius
1151 4691 1210 4738 ,w
1211 4688 1269 4754 m]
1288 4673 1434 4738 Itum-lim

573 4741 724 4806 εσνίιταιι
700 4741 809 4791 msam
809 4739 1074 4792 ,musicamne
1151 4767 1354 4876 mesmu]
1373 4766 1618 4830 praessuram.

574 4834 602 4884 in
585 4835 694 4884 nthe‘
695 4833 787 4884 ‘Liber
809 4833 1074 4894 Additamentomm,”
1151 4847 1378 4912 qqlnoerlim

575 4927 656 4977 butin
663 4927 694 4976 B.
702 4925 731 4978 C.
740 4927 791 4990 (ed.
799 4926 927 4990 Walapp.
937 4927 1074 4990 631-633,)
1152 4925 1264 4978 'electus
1289 4926 1490 4994 Centauricusic]
1521 4927 1562 4979 On
1584 4943 1617 4980 an

576 5019 649 5070 dated
660 5018 724 5069 from
736 5017 821 5080 Acon,
831 5021 862 5067 25
875 5017 941 5070 Νοι.
955 5023 1028 5069 1244.
1119 5020 1226 5058 We·
