4242 6159
568 1002 632 1064 352
700 1015 866 1064 nanum
888 1015 1102 1065 rasrsrrnsrs
1125 1016 1289 1066 merorem
1310 1016 1514 1068 annuorum.

397 1236 466 1292 M)-
483 1246 555 1293 ¹2³2·
612 1237 662 1302 De
682 1236 877 1304 visitationm
898 1261 963 1326 per
988 1240 1175 1305 dominon
1195 1261 1329 1327 popone
1353 1262 1456 1325 cuper·
1478 1239 1571 1305 viros
1654 1236 1664 1260 ⁵

1001 1341 1184 1427 relipioeos.

396 1479 468 1544 Pope
478 1480 543 1559 ers
610 1473 684 1540 Hoc
698 1486 828 1562 quoqne
843 1499 929 1541 anno
944 1500 1030 1564 papa
1045 1476 1222 1564 Gregorius
1237 1478 1412 1543 constituit
1426 1476 1614 1542 visitatores
1628 1474 1792 1541 Boenasa

394 1549 555 1678 ¹2⁰3&ss
567 1599 666 1662 super
687 1579 776 1643 viros
797 1578 966 1665 religiosos
987 1601 1045 1665 per
1068 1579 1180 1644 orbem
1202 1579 1401 1665 generaliter
1423 1578 1614 1643 universum
1651 1541 1687 1591 ¹⁷
1699 1548 1761 1594 ²⁵⁸¹

397 1679 530 1794 vpsitatnn
569 1679 691 1745 Christi
713 1680 846 1745 nomine
870 1681 1067 1758 dedicatum,
1084 1681 1146 1745 sub
1163 1681 1223 1746 hec
1245 1682 1373 1745 forme:
1397 1680 1613 1765 “Gregorius
1650 1748 1657 1765 ι

395 1747 521 1865 inoffi„
566 1784 743 1868 episcopus,
765 1782 1010 1848 venerabilibus
1040 1781 1201 1847 fratribus
1233 1782 1449 1869 suffraganeis
1472 1782 1614 1847 ecclesiae

395 1878 453 1929 Μ·
566 1884 822 1961 Cantuariensis,
847 1886 988 1951 salutem
1022 1891 1056 1951 et
1095 1884 1308 1971 apostolicam
1342 1884 1614 1949 benedictionem.

563 1987 721 2073 Egressus
748 2008 769 2051 a
801 1988 883 2052 facie
908 1986 970 2052 Dei
993 1985 1173 2067 Satban,''¹
1198 1992 1258 2052 etc.
1303 1986 1422 2066 Quaere
1453 1986 1489 2050 in
1520 1986 1634 2051 libris·

562 2088 818 2175 religiosorum⁹
849 2089 968 2167 omnia,
1002 2111 1077 2174 qaae
1108 2111 1206 2177 super
1228 2088 1422 2155 visitatione
1443 2088 1503 2153 illa
1524 2088 1633 2154 faeta·

562 2192 703 2266 fuerant,
726 2196 762 2256 et
784 2192 879 2277 plene
901 2191 1060 2257 invenies.

564 2434 726 2519 Reperna
741 2432 1000 2499 londoniensis
1015 2433 1199 2520 episcopus,
1214 2434 1362 2499 Rolnam
1374 2434 1544 2522 profectus
1558 2420 1611 2500 eet.

395 2576 540 2644 Roganbp.
609 2568 734 2633 Eodem
756 2578 867 2633 antem
890 2590 977 2633 anno
1000 2569 1158 2655 Rogerus,
1181 2568 1420 2634 Londoniensis
1435 2551 1789 2659 episcopma'qgnena.

392 2644 546 2775 fflaeffi’
564 2669 757 2735 accusatus⁸
779 2671 868 2736 inter
890 2671 971 2735 alios
993 2671 1034 2736 de
1058 2692 1227 2750 consensu,
1251 2670 1304 2735 vel
1327 2670 1445 2735 saltem
1475 2670 1516 2735 de
1539 2692 1635 2756 per-.
1652 2661 1688 2698 ¹¹·
1701 2654 1760 2700 ²⁶⁸·

397 2776 486 2830 Rome
565 2773 729 2852 missione,
752 2772 975 2839 distractionis
1007 2774 1142 2860 frugum
1165 2774 1391 2839 Romanorum
1413 2773 1613 2849 clericorum,

564 2876 729 2962 profectus
752 2881 802 2941 est
833 2877 877 2941 ad
909 2876 1019 2941 sedem
1042 2875 1267 2963 apostolicam,
1289 2880 1329 2940 ut
1351 2896 1443 2940 suam
1467 2875 1515 2939 ibi
1537 2896 1613 2961 pur·

393 2983 467 3034 fleis
563 2983 657 3064 geret
671 2977 903 3043 innocentiam.
950 2977 1016 3056 Qui
1031 2999 1107 3043 oum
1122 2976 1286 3057 Parmam,
1302 2978 1473 3042 civitatem
1489 2975 1636 3043 Ytaliee.

391 3051 524 3168 {imm
562 3081 762 3167 perveniret,
785 3080 883 3159 cives,
906 3081 963 3167 qui
986 3081 1097 3166 ipsum
1120 3080 1321 3145 fascinnanti
1344 3079 1437 3144 oculo
1460 3100 1637 3165 parspere.

327 3170 330 3175 ¹
561 3188 656 3248 erant
679 3183 866 3269 esterlingis
881 3183 1076 3248 desideratis
1091 3180 1286 3263 abundare,⁴
1306 3182 1438 3246 insidiis
1460 3181 1501 3246 de
1515 3187 1633 3247 noete.

559 3286 693 3372 paratis,
716 3284 841 3349 furtive
875 3305 913 3349 ac
944 3285 1098 3370 nequiter
1131 3286 1241 3371 ipsum
1275 3290 1349 3350 tota
1382 3305 1442 3348 sus
1463 3285 1633 3371 pecunia.
1679 3296 1685 3310 '

560 3409 660 3472 quam
682 3392 890 3473 congesserat
911 3408 980 3452 non
995 3386 1157 3474 pauoam⁵
1174 3391 1289 3453 contra
1311 3386 1523 3466 accusantes⁰
1545 3386 1632 3451 ad’.

559 3490 799 3554 obstruendum
823 3510 858 3552 os
880 3489 1089 3576 loquentium
1105 3486 1244 3574 iniqua,⁸
1261 3489 1493 3573 spoliaverunt.
1540 3488 1633 3555 Neo.

559 3590 677 3656 iccirco
711 3591 859 3678 pepercit
891 3591 922 3655 ei
953 3592 990 3655 in
1023 3592 1135 3677 aliquo
1170 3591 1329 3656 Romanae
1352 3590 1451 3655 curiae
1473 3613 1630 3657 censura.

554 3690 698 3778 judieii?
741 3692 818 3779 Ipse
834 3714 914 3758 vero
930 3693 1100 3779 episcopus
1117 3694 1153 3757 in
1167 3714 1295 3759 recessu
1317 3714 1338 3757 a
1361 3692 1488 3769 Parma,
1505 3694 1630 3779 ipsam.

558 3795 731 3860 civitatem
753 3794 791 3857 in
812 3795 863 3859 ira
885 3817 953 3873 sua,
977 3816 1051 3860 cum
1074 3795 1144 3859 suis
1167 3795 1290 3881 iniquis
1301 3794 1326 3831 ¹⁰
1355 3794 1631 3876 habitatoribus.

558 3897 742 3962 maledixit.

591 4120 600 4150 ¹
618 4118 674 4168 The
691 4118 744 4167 buil
761 4116 829 4167 isin
851 4116 1002 4176 wendover,
1026 4116 1060 4165 iv.
1140 4120 1151 4148 ⁶
1168 4118 1324 4183 coenantes]
1338 4094 1545 4179 annastasius.

557 4203 675 4248 258-260
697 4197 747 4246 and
775 4198 805 4245 Β.
834 4196 875 4256 C„
896 4197 946 4244 dat
965 4199 1008 4245 “5
1026 4196 1060 4244 id.
1142 4200 1273 4247 ⁷n0a...
1291 4196 1337 4261 ad]
1353 4196 1435 4246 Thess
1447 4196 1611 4256 coronarint

558 4277 620 4327 Jun.
635 4278 664 4342 [9
677 4276 695 4326 J
697 4274 768 4340 une],
782 4290 822 4324 an.
834 4282 904 4338 pont.
914 4274 954 4323 a.·¹
1107 4276 1150 4327 the
1162 4276 1217 4326 first
1230 4276 1336 4340 syllable
1348 4276 1377 4325 of
1385 4276 1561 4339 obserendum,
1569 4292 1612 4327 are

591 4360 601 4387 ²
617 4354 687 4405 libris
698 4353 874 4419 relipioaoram]
888 4352 1001 4403 Thelaat
1010 4361 1061 4403 two
1107 4369 1140 4404 on
1152 4370 1184 4403 an
1196 4370 1305 4404 erasure.

557 4437 642 4487 letters
653 4435 685 4486 of
697 4432 766 4482 libris
778 4435 829 4482 and
847 4432 890 4482 the
902 4439 965 4482 next
982 4433 1060 4493 word,
1141 4434 1266 4499 ⁸im'pno]
1291 4434 1385 4483 Added
1408 4433 1436 4482 in
1458 4448 1537 4498 marg.
1579 4434 1610 4483 In

557 4532 600 4567 are
611 4531 644 4566 on
656 4530 689 4564 an
701 4528 809 4563 erasure.
850 4511 907 4562 The
923 4512 996 4575 papnl
1007 4512 1061 4560 bull
1106 4512 1149 4563 the
1160 4520 1216 4563 text
1227 4513 1324 4562 follows
1334 4513 1376 4562 the
1385 4514 1454 4562 word
1466 4550 1473 4562 .
1486 4550 1492 4561 .
1513 4514 1609 4573 iaceret,

559 4596 611 4645 and
628 4593 795 4658 proceedings
810 4607 853 4642 are
872 4591 901 4639 in
912 4591 1006 4640 Wend.
1023 4591 1057 4641 ir.
1107 4594 1188 4657 partly
1201 4594 1295 4652 erased,
1312 4593 1358 4641 but
1370 4608 1398 4641 as
1415 4591 1435 4640 it
1446 4592 1556 4641 disturbs
1568 4591 1610 4641 the

558 4679 683 4733 258-263,
722 4674 780 4730 aad.
814 4671 879 4720 with
921 4671 1060 4722 additional
1106 4686 1179 4721 sense
1190 4672 1220 4720 of
1232 4671 1276 4720 the
1287 4678 1344 4720 text
1354 4686 1382 4721 aa
1394 4671 1415 4720 it
1426 4670 1609 4731 constands,1

556 4760 656 4812 matter,
674 4754 700 4801 in
712 4752 742 4802 B.
755 4752 784 4802 C.
1105 4750 1170 4800 hare
1183 4750 1288 4799 omitted
1300 4750 1327 4799 it.

590 4834 600 4863 ¹
616 4831 760 4896 coematur]
774 4836 899 4890 sensatus,
911 4829 969 4880 MS.
1137 4833 1262 4879 ’emaum
1275 4828 1380 4895 judicia]
1401 4828 1443 4879 On
1455 4844 1487 4877 au
1500 4844 1608 4879 erasure.

590 4912 600 4940 ⁴
616 4910 755 4975 abuma]
769 4911 924 4971 habundare,
935 4908 993 4961 MS.
1139 4911 1157 4940 ¹⁰
1169 4908 1273 4973 iniquia]
1285 4908 1375 4958 Abone
1384 4908 1501 4957 hasbeen
1508 4908 1625 4965 written„

589 4990 600 5020 ⁵
611 4988 733 5054 paneam]
746 5002 817 5051 pauc,
834 4987 892 5038 MS.
1104 4986 1235 5048 maledixit,
1248 4988 1297 5036 and
1309 4987 1454 5037 nsterwards
1465 4986 1559 5037 erased.
