4242 6159
612 1040 675 1108 234
736 1057 901 1106 nnmnnr
925 1057 1138 1107 rnnrsrsrsrs
1161 1055 1325 1105 ursronra
1347 1055 1545 1105 nncncaon

442 1237 512 1288 Ab.
526 1242 598 1292 1210.
610 1231 833 1318 interpretem,
848 1230 1148 1298 intervenientibus
1161 1228 1296 1313 amicis,¹
1313 1229 1474 1296 liberatem
1495 1234 1547 1295 est
1567 1249 1659 1294 accu-

612 1340 713 1403 setus.

626 1566 676 1635 De
709 1575 807 1656 peste,
839 1590 908 1657 quc
944 1567 1182 1656 cfftiqetaotar
1218 1565 1352 1636 tactust
1388 1566 1431 1635 in
1468 1565 1551 1634 orte
1578 1565 1650 1632 Dc·

1078 1671 1201 1739 arictes.

444 1834 563 1901 Thecny
575 1835 606 1885 or
657 1819 692 1886 N
693 1841 757 1887 unc
782 1827 895 1888 autem
918 1822 959 1888 de
981 1821 1054 1914 hiis,
1070 1843 1145 1908 quae
1166 1821 1204 1887 in
1225 1819 1364 1887 civitate
1379 1819 1546 1885 Damiatae
1567 1822 1662 1906 gesta
1673 1830 1837 1896 leonum.

442 1901 584 2019 iliibiiectgs
612 1929 700 2006 sunt,
723 1923 849 2011 aliquid
863 1923 1049 1991 referamus
1087 1923 1243 1990 Damiata
1256 1923 1359 2012 igitur
1381 1922 1549 1990 obsidione
1563 1922 1662 2009 longa
1709 1898 1746 1949 iv.
1760 1904 1801 1949 ⁵⁶·

443 2035 505 2084 with
516 2037 590 2101 peni·
612 2032 646 2094 et
667 2027 856 2115 irrequieta,
869 2028 964 2106 ferro,
979 2027 1073 2107 fame,
1089 2028 1231 2094 flammis
1246 2032 1281 2093 et
1302 2025 1492 2116 pestilentia
1515 2025 1662 2114 graviter

443 2101 520 2153 lenes.
611 2136 646 2196 et
667 2129 757 2196 ultra
782 2149 881 2217 quam
905 2130 993 2196 credi
1015 2130 1119 2218 possit
1141 2135 1201 2196 aut
1224 2129 1331 2209 scribi,
1356 2129 1474 2195 attrita
1500 2135 1550 2194 est
1575 2127 1662 2195 inte-

609 2231 680 2298 rius
702 2238 737 2300 et
760 2232 905 2314 affliota;
926 2233 963 2299 in
978 2254 1035 2321 spe
1051 2233 1121 2299 sola
1134 2232 1234 2299 fidem
1249 2232 1377 2311 habuit,
1393 2233 1480 2321 quod
1495 2231 1680 2299 Soldanus.

611 2334 781 2402 Babilonis
806 2335 935 2402 civibus
961 2341 1050 2403 certe
1077 2333 1237 2425 promisit,
1271 2340 1311 2403 ut
1340 2357 1401 2424 pro
1432 2336 1488 2419 eis,
1515 2335 1543 2401 si
1565 2341 1661 2402 tanta

610 2437 752 2506 instaret
788 2440 971 2519 nenessitas,
1019 2462 1093 2505 cum
1126 2437 1326 2505 Christianis
1363 2445 1580 2527 componeret,
1620 2445 1660 2506 ut

610 2541 728 2607 saltem
751 2547 890 2609 mortem
913 2541 1051 2610 evadere
1072 2542 1266 2630 potuissent.
1311 2541 1377 2610 Sed
1408 2542 1543 2609 interim
1564 2547 1661 2609 tanta

610 2643 713 2710 fames
734 2645 771 2708 in
793 2644 876 2712 urbe
897 2643 1098 2734 generaliter
1123 2645 1278 2724 invaluit,
1300 2652 1340 2713 ut
1361 2667 1467 2711 unum
1488 2649 1660 2713 coeterum

611 2746 666 2812 xii
682 2745 839 2814 bisanciis
853 2750 1061 2816 venderetur.
1107 2749 1253 2816 Annona
1275 2749 1416 2836 quidem,
1434 2771 1534 2836 quam
1556 2748 1680 2814 habu.

610 2857 714 2927 erant,
751 2846 882 2920 mucore
912 2852 1175 2932 consumebatur,
1206 2873 1267 2918 nee
1296 2852 1465 2918 audebant
1503 2873 1680 2940 pauperes.

611 2953 710 3036 exire,
736 2975 778 3021 ne
800 2953 956 3043 inopiam,
982 2977 1083 3042 quam
1104 2953 1224 3020 inclusi
1238 2952 1436 3035 tolerabant,
1464 2953 1681 3021 Christianis.

611 3061 810 3124 enarrarent.
857 3057 1022 3125 Praeterea
1043 3055 1166 3124 aurisia
1187 3056 1468 3144 percutiebantur,
1482 3079 1525 3122 ne
1539 3055 1664 3144 apertis

613 3160 714 3226 oculis
736 3166 872 3249 possent
894 3159 1015 3228 videre.
1063 3161 1227 3240 Ceterum,
1245 3159 1345 3226 Nilus
1366 3181 1434 3226 non
1457 3163 1539 3225 tunc
1553 3182 1662 3226 ascen·

613 3263 671 3342 dit,
700 3269 740 3328 ut
773 3269 895 3330 terram
928 3261 1082 3353 irrigaret
1112 3267 1147 3330 et
1177 3261 1391 3342 foeoundaret,
1418 3266 1457 3329 ut
1487 3263 1663 3328 annuatim

612 3364 762 3448 solebat3
797 3365 886 3432 unde
907 3371 999 3432 terra
1030 3367 1115 3433 sicca
1151 3387 1212 3432 nec
1243 3389 1278 3432 se
1309 3387 1405 3454 passa
1426 3370 1477 3432 est
1499 3365 1588 3431 arari
1609 3366 1664 3431 vel

612 3467 776 3548 seminari,
801 3491 862 3535 nec
883 3469 1003 3535 hebuit
1024 3469 1080 3535 vel
1102 3469 1192 3557 pacis
1216 3469 1271 3535 vel
1295 3465 1444 3535 humoris
1468 3467 1664 3535 alimentum

612 3571 667 3637 vel
693 3571 854 3639 solatium.
901 3571 1001 3638 Unde
1027 3571 1191 3639 Soldanus
1216 3569 1338 3637 famem
1364 3571 1487 3639 timens
1508 3571 1663 3651 validam,

613 3695 724 3740 amore
761 3672 944 3742 retinendae
980 3674 1156 3756 Danista,
1190 3697 1265 3742 cum
1299 3675 1498 3741 Christianis
1528 3675 1662 3764 pacifice

613 3800 807 3866 componere
829 3776 1009 3866 sategebat.
1054 3779 1163 3845 Auxit
1177 3779 1279 3846 etiam
1301 3776 1344 3844 ad
1365 3778 1571 3867 propositum
1586 3779 1663 3859 tale,

613 3879 817 3948 secundum⁹
850 3887 980 3969 partem
1018 3903 1087 3948 non
1116 3881 1297 3962 minimam,
1329 3881 1526 3949 miraculosa
1561 3883 1663 3950 turris

613 3985 811 4074 subjugatio,
835 3989 870 4052 ct
894 3983 1161 4052 Christianorum
1192 3984 1356 4052 indefessa
1385 3985 1563 4073 proeliandi
1587 4009 1663 4053 ocn-

613 4089 746 4168 stantia,
781 4087 839 4175 qui
876 4087 1001 4153 totiens
1031 4109 1108 4154 cum
1142 4087 1321 4155 admodum
1359 4089 1472 4176 paucis
1509 4089 1661 4155 fidelibus

614 4213 745 4258 omnem
759 4189 943 4279 paganismi
958 4191 1190 4258 fortitudinem
1215 4192 1372 4259 audacter
1392 4191 1597 4272 invadentes,
1619 4193 1660 4259 de
1672 4207 1837 4288 linguens

502 4283 503 4288 ἵ
614 4295 731 4382 proelio
754 4294 861 4360 multe
880 4293 974 4359 milia
995 4294 1107 4361 exeis
1132 4294 1333 4383 firgavenrnt
1359 4301 1419 4363 aut
1444 4301 1660 4385 peremerunt
1707 4291 1744 4329 ι’·
1759 4285 1799 4332 ⁵⁷·

471 4441 487 4474 0
559 4425 565 4438 ·
616 4397 690 4464 Hoc
712 4419 842 4486 quoque
856 4419 954 4478 anno,
969 4417 1044 4464 cum
1066 4395 1109 4464 lis
1132 4396 1338 4486 dampnosa³
1352 4405 1444 4464 mota
1465 4404 1551 4466 esset
1572 4400 1680 4474 inter.

461 4574 498 4608 we
614 4501 783 4570 ecclesiam
820 4499 1085 4568 Lincolniensem
1114 4508 1150 4569 et
1178 4501 1346 4569 ecclesiam
1379 4502 1495 4569 Sancti
1528 4502 1680 4581 Alban„

648 4783 654 4813 ¹
667 4781 766 4850 ambis]
786 4783 829 4836 On
839 4797 872 4834 an
883 4797 992 4836 emere.
1161 4797 1266 4850 appears
1282 4791 1310 4836 to
1324 4785 1392 4845 read,
1403 4782 1468 4850 qaod
1483 4784 1562 4849 pauet
1575 4781 1662 4835 cae-

646 4863 807 4928 mundum]
826 4862 920 4914 Added
933 4863 1052 4930 inmmg.
1086 4863 1113 4913 A
1160 4865 1445 4930 dani...percnerant

614 4943 731 4994 notetus
750 4945 802 4994 aleo
821 4945 885 4994 been
904 4943 1004 4996 written
1022 4945 1050 4994 in
1070 4945 1114 4994 the
1192 4942 1359 5010 Μωυσῆ]
1379 4946 1497 5011 dapum
1509 4945 1565 4998 MS

614 5023 1113 5089 margin‚butesterwerdsemed,vhieh
