4242 6159
643 1026 707 1090 110
763 1038 931 1091 uernum
953 1038 1168 1091 eumsmusrs
1189 1038 1355 1091 ursmare
1373 1040 1572 1093 auomeuu.

471 1222 540 1276 el).
554 1228 627 1279 120⁷.
639 1217 780 1283 eeclesiis
802 1216 1043 1305 parochialibus
1066 1223 1102 1283 et
1123 1216 1202 1285 locis
1231 1218 1314 1296 aliis,
1337 1215 1397 1287 ubi
1422 1219 1537 1308 populi
1559 1240 1712 1308 congre.

637 1319 823 1408 gabantur3
855 1320 989 1386 edentes
1020 1326 1055 1387 et
1086 1320 1238 1387 bibentes
1269 1343 1344 1408 quae
1377 1321 1467 1409 apud
1497 1344 1552 1389 eos
1584 1328 1689 1405 erant,

636 1422 723 1489 nihil
743 1424 808 1491 sibi
828 1424 918 1489 ultra
935 1428 1068 1491 noctem
1090 1429 1303 1505 reservantes,
1313 1426 1415 1511 juxta
1436 1426 1529 1507 illud,
1546 1434 1565 1463 ‘¹
1575 1426 1710 1500 Nolite.

638 1550 706 1593 esse
740 1526 922 1605 solliciti‚''¹
958 1534 1038 1610 ete;
1069 1528 1171 1595 libros
1208 1530 1365 1596 continue
1410 1552 1496 1613 suos,
1534 1531 1708 1599 videlicet.

637 1630 845 1710 Bibliotecas,
875 1631 913 1697 in
941 1631 1057 1698 forulis
1080 1654 1101 1697 a
1126 1631 1209 1699 collo
1240 1632 1463 1719 dependentes
1493 1634 1709 1719 bajulantes.

637 1735 782 1800 Tandem
803 1736 907 1802 scolas
924 1736 1181 1816 aedifimverune
1196 1736 1315 1803 deinde
1335 1736 1448 1804 domos
1471 1742 1506 1805 et
1528 1739 1670 1805 claustra
1680 1763 1709 1821 3.

636 1839 753 1917 denuo,
775 1840 987 1928 magnatibus
1017 1843 1169 1926 sumptus
1198 1838 1396 1907 sufficienter
1425 1842 1708 1913 administranti.

635 1942 707 2022 bus,
722 1942 874 2009 eeclesias
896 1947 932 2007 et
951 1942 1097 2009 officinas
1114 1942 1240 2031 amplae
1258 1948 1292 2010 et
1315 1944 1457 2011 excelsas
1474 1946 1707 2020 febrieaumt..

638 2044 815 2133 Privilegie
854 2050 888 2111 et
920 2045 1146 2132 indulgentiae
1177 2068 1198 2111 a
1228 2068 1355 2113 summo
1394 2048 1550 2135 pontifice
1585 2050 1709 2137 impe.

635 2153 771 2215 trarunt
792 2148 981 2215 aedifieandi
1010 2148 1193 2215 ecclesiolas
1216 2150 1253 2215 in
1277 2151 1426 2232 urbibus,
1449 2156 1484 2219 et
1506 2153 1543 2217 in
1566 2154 1708 2220 eisdem.

635 2255 751 2319 missas
773 2252 968 2330 eelebrandi,
990 2252 1206 2320 confessiones
1229 2254 1339 2335 etiem,
1364 2257 1443 2343 quia
1464 2256 1563 2323 multi
1585 2278 1707 2323 sacer.

636 2356 772 2423 dotibus
805 2356 873 2421 suis
906 2356 943 2421 in
978 2356 1131 2444 pluribus
1165 2357 1294 2424 casibus
1327 2359 1477 2425 confiteri
1510 2366 1708 2427 renuentes.

635 2459 919 2547 periclitabantur,
952 2459 1140 2547 recipiendi.
1185 2460 1333 2527 Tandem
1372 2462 1475 2529 scolas
1512 2462 1706 2550 theologiae.

634 2563 722 2629 infra
743 2569 836 2651 septa
866 2585 926 2629 sua
955 2563 1204 2642 constituentes,
1228 2564 1376 2652 legentes
1405 2570 1440 2631 et
1469 2565 1706 2653 disputantes„

634 2672 669 2732 et
692 2667 812 2754 populo
837 2667 1062 2753 praedicantes,
1078 2667 1223 2733 fluctum
1245 2668 1289 2733 ad
1312 2669 1427 2734 horrea
1450 2668 1583 2749 Christi,
1607 2670 1706 2756 quia.

633 2770 747 2835 messis
769 2770 875 2835 multa
905 2775 940 2835 et
970 2770 1109 2856 operarii
1140 2771 1237 2857 pauci
1266 2771 1499 2853 tharentum
1521 2772 1705 2840 modicum.

633 2871 865 2959 reportaumt²

677 3098 727 3166 De
749 3099 934 3167 cesaetioee
957 3098 1160 3167 electionum
1186 3098 1335 3187 episcopi
1357 3099 1587 3168 Noeueieecaia
1610 3108 1640 3168 et

899 3201 1098 3289 suppetere
1122 3201 1414 3271 &oecumenem

463 3345 570 3411 Dispnte
678 3334 773 3401 Circa
794 3332 864 3397 dies
887 3331 961 3397 illos
983 3334 1152 3397 steterunt
1177 3330 1291 3397 Romae
1313 3332 1467 3398 monachi
1486 3331 1683 3412 (lentaeue,
1696 3342 1873 3421 RogWenu.

463 3414 601 3545 mm
630 3442 762 3523 turpem
784 3434 962 3501 admodum
984 3454 1114 3499 eausam
1138 3433 1180 3498 ad
1210 3435 1352 3501 invicem
1375 3435 1549 3521 agitantes.
1595 3436 1683 3503 Nam
1719 3410 1758 3461 ἰὴ·
1773 3418 1840 3469 ²¹¹·

462 3548 585 3613 unehine
631 3539 783 3627 quaedam
805 3559 881 3623 pars
903 3558 1016 3601 eorum
1037 3557 1097 3623 per
1119 3534 1231 3603 literas
1254 3542 1436 3605 conventus
1456 3536 1497 3605 de
1510 3542 1585 3604 rato
1600 3562 1683 3627 prae·
1725 3606 1728 3613 Δ

461 3616 609 3734 ἒξὲζζῧέξ
630 3645 806 3709 sentarumt
829 3640 968 3705 electum
991 3638 1223 3726 Regiualdum,
1244 3642 1448 3728 suppriorem
1469 3642 1685 3711 Cantuarien-

461 3752 505 3801 the
515 3751 590 3801 πὼ-
629 3767 706 3825 sem,
721 3744 903 3810 instantius
917 3742 1132 3829 postulantes,
1148 3748 1188 3808 ut
1204 3744 1274 3829 ejus
1297 3744 1412 3811 electio
1427 3746 1683 3814 confirmaretur.

461 3817 589 3935 pplicoppc
630 3850 746 3915 Altera
768 3868 846 3913 vero
868 3867 943 3933 pars
965 3844 1201 3913 monachorum
1227 3868 1285 3934 per
1308 3846 1445 3913 literes⁴
1467 3847 1621 3915 similiter
1643 3850 1684 3917 de

461 3954 571 4017 tereury.
629 3959 701 4017 rato
717 3954 1001 4039 praesentaverunt
1015 3948 1039 4014 J
1041 3947 1211 4029 ohannem,
1229 3949 1416 4038 episcopum
1428 3949 1682 4033 Norwieeusem,

629 4055 745 4121 multis
774 4050 958 4117 rationibus
988 4052 1199 4119 ostendentes
1231 4052 1424 4120 electionem
1447 4054 1489 4119 de
1515 4055 1684 4142 suppriore

628 4159 754 4225 nullam
789 4178 867 4237 esse,
898 4160 971 4220 tum
1004 4155 1082 4240 quia
1114 4155 1202 4222 facta
1232 4156 1298 4221 fuit
1332 4156 1373 4223 de
1408 4162 1504 4223 nocte
1540 4163 1574 4223 et
1608 4156 1681 4225 sine

627 4260 859 4347 solempnitate
888 4262 922 4322 et
952 4278 1085 4323 assensu
1117 4259 1217 4345 regio,
1251 4265 1326 4325 tum
1357 4259 1437 4346 quia
1462 4282 1483 4327 a
1505 4261 1624 4346 majori
1647 4269 1682 4329 et

628 4365 750 4431 saniori
775 4366 870 4449 parte
896 4366 1080 4427 conventus
1106 4384 1174 4429 non
1199 4362 1309 4429 fuerat
1333 4362 1505 4431 celebrata.
1551 4363 1680 4453 Sieque,

736 4509 780 4514 ⁴—
793 4506 926 4515 —0—--·-
930 4506 1012 4513 ——-—-
1019 4507 1025 4511 -
1030 4506 1319 4514 ——-——-.-—.-—-

611 4574 615 4582 ’
663 4580 874 4631 'Matthvitt
1151 4578 1154 4628 l
1208 4580 1305 4629 ³From
1316 4578 1358 4629 the
1367 4578 1682 4647 beginningofthischap-

660 4662 814 4711 ²aeummo.
828 4696 834 4709 .
847 4657 1055 4725 ..reportaruntJ
1075 4656 1130 4707 The
1151 4635 1154 4734 l
1173 4658 1303 4710 tertothe
1313 4660 1395 4711 words
1405 4660 1531 4725 episcopus
1545 4658 1681 4711 Cieestren-

627 4740 709 4790 wbole
729 4739 759 4788 of
780 4738 832 4788 this
851 4738 874 4788 is
893 4737 995 4787 written
1012 4752 1074 4789 over
1096 4752 1130 4787 au
1173 4740 1216 4799 sia,
1232 4738 1260 4787 in
1274 4754 1298 4803 p.
1312 4742 1368 4801 113,
1384 4738 1427 4789 the
1442 4734 1518 4789 halles
1535 4741 1634 4791 textor
1648 4742 1679 4792 Β.

626 4834 733 4879 erasure,
740 4820 790 4869 and
798 4818 886 4885 copied
892 4818 920 4867 iu
926 4815 1129 4878 Rhemum
1174 4816 1202 4869 C.
1217 4822 1243 4873 ie
1255 4818 1373 4869 followed
1388 4818 1423 4885 by
1440 4817 1469 4869 F.
1482 4818 1533 4881 (ed.
1542 4817 1622 4881 Wuts,
1636 4834 1679 4887 pp.

626 4904 648 4951 ie
667 4900 777 4950 inserted
792 4897 821 4949 iu
837 4898 875 4959 F..
887 4897 952 4949 from
967 4898 999 4949 B.
1011 4896 1049 4959 0.,
1065 4912 1130 4962 pope
1149 4921 1153 5019 μ
1174 4902 1265 4959 tut-3,
1277 4902 1367 4948 eae-5.

626 4979 770 5032 Innocent'e
788 4978 862 5029 letter
879 4984 905 5031 to
922 4976 1002 5039 John,
1020 4977 1129 5042 sending
1205 4974 1326 5043 ⁴h'tcres]
1347 4976 1438 5027 Added
1450 4976 1477 5027 in
1489 4992 1568 5043 marg.

627 5061 681 5110 him
692 5060 748 5109 four
759 5058 831 5121 tinge
841 5057 892 5121 (ed.
904 5055 987 5119 Wata
998 5073 1022 5121 p.
1036 5058 1099 5119 223)
1149 5020 1152 5119 l
