<?xml version="1.0" encoding="UTF-8"?>
<!DOCTYPE html PUBLIC "-//W3C//DTD XHTML 1.0 Transitional//EN"
    "http://www.w3.org/TR/xhtml1/DTD/xhtml1-transitional.dtd">
<html xmlns="http://www.w3.org/1999/xhtml" xml:lang="en" lang="en">
 <head>
  <title>
</title>
<meta http-equiv="Content-Type" content="text/html;charset=utf-8" />
  <meta name='ocr-system' content='tesseract 3.04.00' />
  <meta name='ocr-capabilities' content='ocr_page ocr_carea ocr_par ocr_line ocrx_word'/>
</head>
<body>
  <div class='ocr_page' id='page_1' title='image "./matthiparisiens04parigoog_0310.png"; bbox 0 0 4242 6159; ppageno 0'>
   <div class='ocr_carea' id='block_1_1' title="bbox 548 952 1480 1016">
    <p class='ocr_par' dir='ltr' id='par_1_1' title="bbox 548 952 1480 1016">
     <span class='ocr_line' id='line_1_1' title="bbox 548 952 1480 1016; baseline -0.002 -1"><span class='ocrx_word' id='word_1_1' title='bbox 548 952 613 1016; x_wconf 78' lang='lat'><strong>294</strong></span> <span class='ocrx_word' id='word_1_2' title='bbox 673 963 838 1014; x_wconf 79' lang='lat' dir='ltr'><strong>narrum</strong></span> <span class='ocrx_word' id='word_1_3' title='bbox 860 960 1074 1012; x_wconf 75' lang='lat' dir='ltr'><strong>rasurarum</strong></span> <span class='ocrx_word' id='word_1_4' title='bbox 1097 958 1259 1010; x_wconf 79' lang='lat' dir='ltr'><strong>nrsroan</strong></span> <span class='ocrx_word' id='word_1_5' title='bbox 1280 958 1480 1014; x_wconf 73' lang='lat' dir='ltr'><strong>suanorum</strong></span> 
     </span>
    </p>
   </div>
   <div class='ocr_carea' id='block_1_2' title="bbox 378 1133 1615 2048">
    <p class='ocr_par' dir='ltr' id='par_1_2' title="bbox 378 1133 1615 2048">
     <span class='ocr_line' id='line_1_2' title="bbox 379 1133 1596 1222; baseline 0.001 -16"><span class='ocrx_word' id='word_1_6' title='bbox 379 1155 680 1207; x_wconf 69' lang='lat' dir='ltr'><strong>annaneansam</strong></span> <span class='ocrx_word' id='word_1_7' title='bbox 694 1138 884 1219; x_wconf 74' lang='lat' dir='ltr'><strong>retundunt,</strong></span> <span class='ocrx_word' id='word_1_8' title='bbox 907 1142 942 1205; x_wconf 87' lang='lat' dir='ltr'><strong>et</strong></span> <span class='ocrx_word' id='word_1_9' title='bbox 964 1139 1132 1204; x_wconf 69' lang='lat' dir='ltr'><strong>ancwrem</strong></span> <span class='ocrx_word' id='word_1_10' title='bbox 1153 1134 1262 1222; x_wconf 87' lang='lat' dir='ltr'><strong>ipsum</strong></span> <span class='ocrx_word' id='word_1_11' title='bbox 1288 1133 1462 1206; x_wconf 84' lang='lat' dir='ltr'><strong>affimant</strong></span> <span class='ocrx_word' id='word_1_12' title='bbox 1506 1137 1596 1206; x_wconf 87' lang='lat' dir='ltr'><strong>Nam</strong></span> 
     </span>
     <span class='ocr_line' id='line_1_3' title="bbox 379 1238 1597 1331; baseline 0.005 -27"><span class='ocrx_word' id='word_1_13' title='bbox 379 1253 514 1306; x_wconf 71' lang='lat' dir='ltr'><strong>natealto</strong></span> <span class='ocrx_word' id='word_1_14' title='bbox 550 1244 702 1331; x_wconf 79' lang='lat' dir='ltr'><strong>deinceps</strong></span> <span class='ocrx_word' id='word_1_15' title='bbox 732 1246 830 1308; x_wconf 88' lang='lat' dir='ltr'><strong>tanta</strong></span> <span class='ocrx_word' id='word_1_16' title='bbox 865 1241 935 1329; x_wconf 82' lang='lat' dir='ltr'><strong>regi</strong></span> <span class='ocrx_word' id='word_1_17' title='bbox 966 1239 1194 1307; x_wconf 69' lang='lat' dir='ltr'><strong>familiaritate</strong></span> <span class='ocrx_word' id='word_1_18' title='bbox 1231 1238 1427 1326; x_wconf 72' lang='lat' dir='ltr'><strong>conjrmctua</strong></span> <span class='ocrx_word' id='word_1_19' title='bbox 1460 1247 1520 1323; x_wconf 88' lang='lat' dir='ltr'><strong>est,</strong></span> <span class='ocrx_word' id='word_1_20' title='bbox 1556 1248 1597 1310; x_wconf 88' lang='lat' dir='ltr'><strong>ut</strong></span> 
     </span>
     <span class='ocr_line' id='line_1_4' title="bbox 378 1321 1595 1434; baseline 0.002 -23"><span class='ocrx_word' id='word_1_21' title='bbox 378 1321 420 1372; x_wconf 74' lang='lat' dir='ltr'><strong>alt</strong></span> <span class='ocrx_word' id='word_1_22' title='bbox 550 1367 662 1412; x_wconf 90' lang='lat' dir='ltr'><strong>omnes</strong></span> <span class='ocrx_word' id='word_1_23' title='bbox 682 1346 778 1431; x_wconf 86' lang='lat' dir='ltr'><strong>regni</strong></span> <span class='ocrx_word' id='word_1_24' title='bbox 799 1344 1001 1411; x_wconf 71' lang='lat' dir='ltr'><strong>consiliarios</strong></span> <span class='ocrx_word' id='word_1_25' title='bbox 1022 1347 1145 1431; x_wconf 86' lang='lat' dir='ltr'><strong>praetor</strong></span> <span class='ocrx_word' id='word_1_26' title='bbox 1165 1343 1274 1429; x_wconf 74' lang='lat' dir='ltr'><strong>ipsum</strong></span> <span class='ocrx_word' id='word_1_27' title='bbox 1289 1364 1348 1429; x_wconf 92' lang='lat' dir='ltr'><strong>pro</strong></span> <span class='ocrx_word' id='word_1_28' title='bbox 1370 1345 1478 1412; x_wconf 88' lang='lat' dir='ltr'><strong>nihilo</strong></span> <span class='ocrx_word' id='word_1_29' title='bbox 1500 1367 1595 1434; x_wconf 87' lang='lat' dir='ltr'><strong>repu-</strong></span> 
     </span>
     <span class='ocr_line' id='line_1_5' title="bbox 549 1444 1614 1535; baseline -0.005 -20"><span class='ocrx_word' id='word_1_30' title='bbox 549 1454 646 1515; x_wconf 84' lang='lat' dir='ltr'><strong>taret</strong></span> <span class='ocrx_word' id='word_1_31' title='bbox 706 1447 852 1514; x_wconf 91' lang='lat' dir='ltr'><strong>Huberti</strong></span> <span class='ocrx_word' id='word_1_32' title='bbox 874 1448 980 1535; x_wconf 80' lang='lat' dir='ltr'><strong>igitur</strong></span> <span class='ocrx_word' id='word_1_33' title='bbox 1001 1467 1122 1512; x_wconf 83' lang='lat' dir='ltr'><strong>nomen</strong></span> <span class='ocrx_word' id='word_1_34' title='bbox 1144 1444 1267 1512; x_wconf 82' lang='lat' dir='ltr'><strong>factum</strong></span> <span class='ocrx_word' id='word_1_35' title='bbox 1290 1451 1341 1512; x_wconf 88' lang='lat' dir='ltr'><strong>est</strong></span> <span class='ocrx_word' id='word_1_36' title='bbox 1364 1468 1500 1516; x_wconf 85' lang='lat' dir='ltr'><strong>exosum</strong></span> <span class='ocrx_word' id='word_1_37' title='bbox 1529 1470 1614 1514; x_wconf 71' lang='lat' dir='ltr'><strong>ona.</strong></span> 
     </span>
     <span class='ocr_line' id='line_1_6' title="bbox 549 1548 1615 1639; baseline -0.002 -24"><span class='ocrx_word' id='word_1_38' title='bbox 549 1550 657 1630; x_wconf 91' lang='lat' dir='ltr'><strong>nibus,</strong></span> <span class='ocrx_word' id='word_1_39' title='bbox 690 1556 723 1616; x_wconf 90' lang='lat' dir='ltr'><strong>et</strong></span> <span class='ocrx_word' id='word_1_40' title='bbox 756 1548 1022 1639; x_wconf 72' lang='lat' dir='ltr'><strong>imprecabantur</strong></span> <span class='ocrx_word' id='word_1_41' title='bbox 1048 1549 1079 1614; x_wconf 91' lang='lat' dir='ltr'><strong>ei</strong></span> <span class='ocrx_word' id='word_1_42' title='bbox 1098 1569 1232 1627; x_wconf 84' lang='lat' dir='ltr'><strong>omncs,</strong></span> <span class='ocrx_word' id='word_1_43' title='bbox 1266 1553 1422 1635; x_wconf 85' lang='lat' dir='ltr'><strong>optantes</strong></span> <span class='ocrx_word' id='word_1_44' title='bbox 1452 1551 1615 1638; x_wconf 85' lang='lat' dir='ltr'><strong>ejusdem.</strong></span> 
     </span>
     <span class='ocr_line' id='line_1_7' title="bbox 550 1650 1615 1738; baseline 0.001 -20"><span class='ocrx_word' id='word_1_45' title='bbox 550 1657 690 1719; x_wconf 88' lang='lat' dir='ltr'><strong>mortem</strong></span> <span class='ocrx_word' id='word_1_46' title='bbox 712 1658 747 1719; x_wconf 92' lang='lat' dir='ltr'><strong>et</strong></span> <span class='ocrx_word' id='word_1_47' title='bbox 768 1652 1011 1734; x_wconf 68' lang='lat' dir='ltr'><strong>coniumoncm</strong></span> <span class='ocrx_word' id='word_1_48' title='bbox 1045 1657 1080 1717; x_wconf 87' lang='lat' dir='ltr'><strong>et</strong></span> <span class='ocrx_word' id='word_1_49' title='bbox 1110 1655 1151 1716; x_wconf 89' lang='lat' dir='ltr'><strong>ut</strong></span> <span class='ocrx_word' id='word_1_50' title='bbox 1172 1650 1257 1738; x_wconf 81' lang='lat' dir='ltr'><strong>regis</strong></span> <span class='ocrx_word' id='word_1_51' title='bbox 1280 1651 1394 1717; x_wconf 88' lang='lat' dir='ltr'><strong>odium</strong></span> <span class='ocrx_word' id='word_1_52' title='bbox 1416 1653 1615 1720; x_wconf 84' lang='lat' dir='ltr'><strong>incurreret.</strong></span> 
     </span>
     <span class='ocr_line' id='line_1_8' title="bbox 550 1753 1615 1846; baseline -0.001 -24"><span class='ocrx_word' id='word_1_53' title='bbox 550 1753 605 1822; x_wconf 88' lang='lat' dir='ltr'><strong>et¹</strong></span> <span class='ocrx_word' id='word_1_54' title='bbox 639 1755 912 1844; x_wconf 80' lang='lat' dir='ltr'><strong>indignationem,</strong></span> <span class='ocrx_word' id='word_1_55' title='bbox 951 1755 1045 1842; x_wconf 91' lang='lat' dir='ltr'><strong>cujus</strong></span> <span class='ocrx_word' id='word_1_56' title='bbox 1083 1753 1252 1820; x_wconf 86' lang='lat' dir='ltr'><strong>lambebat</strong></span> <span class='ocrx_word' id='word_1_57' title='bbox 1284 1754 1408 1842; x_wconf 84' lang='lat' dir='ltr'><strong>pedum</strong></span> <span class='ocrx_word' id='word_1_58' title='bbox 1445 1757 1615 1846; x_wconf 69' lang='lat' dir='ltr'><strong>vestigia·</strong></span> 
     </span>
     <span class='ocr_line' id='line_1_9' title="bbox 550 1855 1614 1948; baseline -0.001 -24"><span class='ocrx_word' id='word_1_59' title='bbox 550 1857 712 1925; x_wconf 84' lang='lat' dir='ltr'><strong>fallaciter</strong></span> <span class='ocrx_word' id='word_1_60' title='bbox 748 1859 784 1924; x_wconf 95' lang='lat' dir='ltr'><strong>in</strong></span> <span class='ocrx_word' id='word_1_61' title='bbox 822 1859 917 1946; x_wconf 81' lang='lat' dir='ltr'><strong>regni</strong></span> <span class='ocrx_word' id='word_1_62' title='bbox 947 1856 1116 1924; x_wconf 83' lang='lat' dir='ltr'><strong>excidium</strong></span> <span class='ocrx_word' id='word_1_63' title='bbox 1152 1855 1327 1937; x_wconf 86' lang='lat' dir='ltr'><strong>adulando,</strong></span> <span class='ocrx_word' id='word_1_64' title='bbox 1366 1859 1614 1948; x_wconf 85' lang='lat' dir='ltr'><strong>procurabant.-</strong></span> 
     </span>
     <span class='ocr_line' id='line_1_10' title="bbox 382 1957 1597 2048; baseline 0.005 -26"><span class='ocrx_word' id='word_1_65' title='bbox 382 1971 534 2039; x_wconf 69' lang='lat' dir='ltr'><strong>&#39;rucclargy</strong></span> <span class='ocrx_word' id='word_1_66' title='bbox 551 1961 666 2028; x_wconf 71' lang='lat' dir='ltr'><strong>Tunc&#39;</strong></span> <span class='ocrx_word' id='word_1_67' title='bbox 688 1983 767 2028; x_wconf 89' lang='lat' dir='ltr'><strong>vero</strong></span> <span class='ocrx_word' id='word_1_68' title='bbox 802 1960 1040 2028; x_wconf 85' lang='lat' dir='ltr'><strong>denunciatum</strong></span> <span class='ocrx_word' id='word_1_69' title='bbox 1072 1957 1146 2026; x_wconf 81' lang='lat' dir='ltr'><strong>est³</strong></span> <span class='ocrx_word' id='word_1_70' title='bbox 1168 1959 1249 2024; x_wconf 84' lang='lat' dir='ltr'><strong>viris</strong></span> <span class='ocrx_word' id='word_1_71' title='bbox 1273 1960 1437 2048; x_wconf 81' lang='lat' dir='ltr'><strong>religiosis</strong></span> <span class='ocrx_word' id='word_1_72' title='bbox 1459 1967 1495 2028; x_wconf 89' lang='lat' dir='ltr'><strong>et</strong></span> <span class='ocrx_word' id='word_1_73' title='bbox 1515 1962 1597 2042; x_wconf 86' lang='lat' dir='ltr'><strong>aliis,</strong></span> 
     </span>
    </p>
   </div>
   <div class='ocr_carea' id='block_1_3' title="bbox 381 2040 1599 2158">
    <p class='ocr_par' dir='ltr' id='par_1_3' title="bbox 381 2040 1599 2158">
     <span class='ocr_line' id='line_1_11' title="bbox 381 2040 1599 2158; baseline 0.008 -37"><span class='ocrx_word' id='word_1_74' title='bbox 381 2040 540 2158; x_wconf 38' lang='lat'><strong>&amp;32⁰⁶</strong></span> <span class='ocrx_word' id='word_1_75' title='bbox 552 2065 610 2153; x_wconf 90' lang='lat' dir='ltr'><strong>qni</strong></span> <span class='ocrx_word' id='word_1_76' title='bbox 641 2065 709 2130; x_wconf 88' lang='lat' dir='ltr'><strong>suis</strong></span> <span class='ocrx_word' id='word_1_77' title='bbox 731 2065 889 2132; x_wconf 90' lang='lat' dir='ltr'><strong>volebant</strong></span> <span class='ocrx_word' id='word_1_78' title='bbox 913 2064 1058 2151; x_wconf 86' lang='lat' dir='ltr'><strong>gaudere</strong></span> <span class='ocrx_word' id='word_1_79' title='bbox 1083 2062 1304 2140; x_wconf 85' lang='lat' dir='ltr'><strong>libertatibus,</strong></span> <span class='ocrx_word' id='word_1_80' title='bbox 1333 2069 1373 2130; x_wconf 90' lang='lat' dir='ltr'><strong>ut</strong></span> <span class='ocrx_word' id='word_1_81' title='bbox 1402 2065 1599 2132; x_wconf 85' lang='lat' dir='ltr'><strong>innovarent</strong></span> 
     </span>
    </p>
   </div>
   <div class='ocr_carea' id='block_1_4' title="bbox 382 2165 1617 2874">
    <p class='ocr_par' dir='ltr' id='par_1_4' title="bbox 382 2165 1617 2874">
     <span class='ocr_line' id='line_1_12' title="bbox 383 2165 1598 2254; baseline 0.009 -33"><span class='ocrx_word' id='word_1_82' title='bbox 383 2170 530 2226; x_wconf 66' lang='lat' dir='ltr'><strong>mennas</strong></span> <span class='ocrx_word' id='word_1_83' title='bbox 551 2171 659 2234; x_wconf 88' lang='lat' dir='ltr'><strong>cartas</strong></span> <span class='ocrx_word' id='word_1_84' title='bbox 691 2189 769 2232; x_wconf 84' lang='lat' dir='ltr'><strong>suas</strong></span> <span class='ocrx_word' id='word_1_85' title='bbox 800 2166 841 2231; x_wconf 92' lang='lat' dir='ltr'><strong>de</strong></span> <span class='ocrx_word' id='word_1_86' title='bbox 871 2187 958 2232; x_wconf 91' lang='lat' dir='ltr'><strong>novo</strong></span> <span class='ocrx_word' id='word_1_87' title='bbox 990 2165 1078 2254; x_wconf 82' lang='lat' dir='ltr'><strong>regis</strong></span> <span class='ocrx_word' id='word_1_88' title='bbox 1110 2165 1226 2253; x_wconf 86' lang='lat' dir='ltr'><strong>sigillo,</strong></span> <span class='ocrx_word' id='word_1_89' title='bbox 1251 2166 1390 2233; x_wconf 85' lang='lat' dir='ltr'><strong>scientes</strong></span> <span class='ocrx_word' id='word_1_90' title='bbox 1422 2169 1512 2254; x_wconf 91' lang='lat' dir='ltr'><strong>quod</strong></span> <span class='ocrx_word' id='word_1_91' title='bbox 1541 2190 1598 2234; x_wconf 84' lang='lat' dir='ltr'><strong>rex</strong></span> 
     </span>
     <span class='ocr_line' id='line_1_13' title="bbox 382 2245 1599 2359; baseline 0.002 -24"><span class='ocrx_word' id='word_1_92' title='bbox 382 2245 441 2292; x_wconf 51' lang='grc' dir='ltr'>Μ</span> <span class='ocrx_word' id='word_1_93' title='bbox 552 2276 659 2337; x_wconf 84' lang='lat' dir='ltr'><strong>cartas</strong></span> <span class='ocrx_word' id='word_1_94' title='bbox 689 2269 844 2355; x_wconf 88' lang='lat' dir='ltr'><strong>antiquas</strong></span> <span class='ocrx_word' id='word_1_95' title='bbox 869 2269 993 2334; x_wconf 84' lang='lat' dir='ltr'><strong>nullius</strong></span> <span class='ocrx_word' id='word_1_96' title='bbox 1027 2290 1097 2334; x_wconf 88' lang='lat' dir='ltr'><strong>esse</strong></span> <span class='ocrx_word' id='word_1_97' title='bbox 1124 2270 1284 2335; x_wconf 86' lang='lat' dir='ltr'><strong>momenti</strong></span> <span class='ocrx_word' id='word_1_98' title='bbox 1307 2272 1508 2356; x_wconf 75' lang='lat' dir='ltr'><strong>reputabat,</strong></span> <span class='ocrx_word' id='word_1_99' title='bbox 1541 2294 1599 2359; x_wconf 91' lang='lat' dir='ltr'><strong>pro</strong></span> 
     </span>
     <span class='ocr_line' id='line_1_14' title="bbox 552 2371 1598 2460; baseline 0.002 -22"><span class='ocrx_word' id='word_1_100' title='bbox 552 2394 692 2460; x_wconf 87' lang='lat' dir='ltr'><strong>quarum</strong></span> <span class='ocrx_word' id='word_1_101' title='bbox 722 2371 949 2452; x_wconf 86' lang='lat' dir='ltr'><strong>innovatione,</strong></span> <span class='ocrx_word' id='word_1_102' title='bbox 971 2393 1039 2437; x_wconf 92' lang='lat' dir='ltr'><strong>non</strong></span> <span class='ocrx_word' id='word_1_103' title='bbox 1057 2371 1159 2457; x_wconf 86' lang='lat' dir='ltr'><strong>juxta</strong></span> <span class='ocrx_word' id='word_1_104' title='bbox 1181 2371 1386 2460; x_wconf 78' lang='lat' dir='ltr'><strong>singulorum</strong></span> <span class='ocrx_word' id='word_1_105' title='bbox 1408 2373 1598 2440; x_wconf 80' lang='lat' dir='ltr'><strong>famrltatem</strong></span> 
     </span>
     <span class='ocr_line' id='line_1_15' title="bbox 550 2473 1598 2562; baseline 0 -20"><span class='ocrx_word' id='word_1_106' title='bbox 550 2475 679 2542; x_wconf 84' lang='lat' dir='ltr'><strong>taxatio</strong></span> <span class='ocrx_word' id='word_1_107' title='bbox 702 2475 791 2539; x_wconf 89' lang='lat' dir='ltr'><strong>facta</strong></span> <span class='ocrx_word' id='word_1_108' title='bbox 820 2477 881 2553; x_wconf 92' lang='lat' dir='ltr'><strong>est,</strong></span> <span class='ocrx_word' id='word_1_109' title='bbox 903 2474 962 2540; x_wconf 90' lang='lat' dir='ltr'><strong>sed</strong></span> <span class='ocrx_word' id='word_1_110' title='bbox 987 2473 1144 2562; x_wconf 87' lang='lat' dir='ltr'><strong>quicquid</strong></span> <span class='ocrx_word' id='word_1_111' title='bbox 1163 2475 1371 2561; x_wconf 85' lang='lat' dir='ltr'><strong>justiciarius</strong></span> <span class='ocrx_word' id='word_1_112' title='bbox 1401 2478 1598 2556; x_wconf 83' lang='lat' dir='ltr'><strong>aestimabat,</strong></span> 
     </span>
     <span class='ocr_line' id='line_1_16' title="bbox 550 2575 1617 2646; baseline 0.002 -2"><span class='ocrx_word' id='word_1_113' title='bbox 550 2578 676 2644; x_wconf 91' lang='lat' dir='ltr'><strong>solvere</strong></span> <span class='ocrx_word' id='word_1_114' title='bbox 698 2580 778 2642; x_wconf 90' lang='lat' dir='ltr'><strong>sunt</strong></span> <span class='ocrx_word' id='word_1_115' title='bbox 800 2576 913 2643; x_wconf 82' lang='lat' dir='ltr'><strong>coacti</strong></span> <span class='ocrx_word' id='word_1_116' title='bbox 963 2575 1010 2643; x_wconf 86' lang='lat' dir='ltr'><strong>Et</strong></span> <span class='ocrx_word' id='word_1_117' title='bbox 1032 2575 1079 2643; x_wconf 94' lang='lat' dir='ltr'><strong>sic</strong></span> <span class='ocrx_word' id='word_1_118' title='bbox 1101 2577 1220 2642; x_wconf 89' lang='lat' dir='ltr'><strong>diatim</strong></span> <span class='ocrx_word' id='word_1_119' title='bbox 1243 2577 1357 2644; x_wconf 88' lang='lat' dir='ltr'><strong>odium</strong></span> <span class='ocrx_word' id='word_1_120' title='bbox 1387 2580 1535 2646; x_wconf 89' lang='lat' dir='ltr'><strong>omnium</strong></span> <span class='ocrx_word' id='word_1_121' title='bbox 1563 2584 1617 2646; x_wconf 86' lang='lat' dir='ltr'><strong>et·</strong></span> 
     </span>
     <span class='ocr_line' id='line_1_17' title="bbox 548 2679 1617 2769; baseline 0.002 -23"><span class='ocrx_word' id='word_1_122' title='bbox 548 2679 796 2748; x_wconf 86' lang='lat' dir='ltr'><strong>maledictiones</strong></span> <span class='ocrx_word' id='word_1_123' title='bbox 817 2679 855 2744; x_wconf 89' lang='lat' dir='ltr'><strong>in</strong></span> <span class='ocrx_word' id='word_1_124' title='bbox 878 2684 978 2766; x_wconf 87' lang='lat' dir='ltr'><strong>caput</strong></span> <span class='ocrx_word' id='word_1_125' title='bbox 1007 2701 1107 2746; x_wconf 91' lang='lat' dir='ltr'><strong>suum</strong></span> <span class='ocrx_word' id='word_1_126' title='bbox 1136 2681 1354 2764; x_wconf 84' lang='lat' dir='ltr'><strong>coacervavit,</strong></span> <span class='ocrx_word' id='word_1_127' title='bbox 1374 2704 1451 2769; x_wconf 74' lang='lat' dir='ltr'><strong>quae</strong></span> <span class='ocrx_word' id='word_1_128' title='bbox 1474 2683 1617 2748; x_wconf 83' lang='lat' dir='ltr'><strong>effectu·</strong></span> 
     </span>
     <span class='ocr_line' id='line_1_18' title="bbox 548 2781 1617 2874; baseline 0.002 -24"><span class='ocrx_word' id='word_1_129' title='bbox 548 2805 617 2850; x_wconf 90' lang='lat' dir='ltr'><strong>non</strong></span> <span class='ocrx_word' id='word_1_130' title='bbox 639 2787 823 2862; x_wconf 89' lang='lat' dir='ltr'><strong>caruerunt,</strong></span> <span class='ocrx_word' id='word_1_131' title='bbox 847 2781 933 2849; x_wconf 89' lang='lat' dir='ltr'><strong>sicut</strong></span> <span class='ocrx_word' id='word_1_132' title='bbox 953 2803 1093 2870; x_wconf 84' lang='lat' dir='ltr'><strong>sequens</strong></span> <span class='ocrx_word' id='word_1_133' title='bbox 1124 2783 1263 2850; x_wconf 85' lang='lat' dir='ltr'><strong>historia</strong></span> <span class='ocrx_word' id='word_1_134' title='bbox 1285 2806 1344 2850; x_wconf 89' lang='lat' dir='ltr'><strong>suo</strong></span> <span class='ocrx_word' id='word_1_135' title='bbox 1371 2788 1520 2874; x_wconf 85' lang='lat' dir='ltr'><strong>tempore</strong></span> <span class='ocrx_word' id='word_1_136' title='bbox 1541 2785 1617 2852; x_wconf 75' lang='lat' dir='ltr'><strong>de·</strong></span> 
     </span>
    </p>
   </div>
   <div class='ocr_carea' id='block_1_5' title="bbox 550 2885 698 2954">
    <p class='ocr_par' dir='ltr' id='par_1_5' title="bbox 550 2885 698 2954">
     <span class='ocr_line' id='line_1_19' title="bbox 550 2885 698 2954; baseline -0.014 0"><span class='ocrx_word' id='word_1_137' title='bbox 550 2885 698 2954; x_wconf 80' lang='lat' dir='ltr'><strong>clarabit.</strong></span> 
     </span>
    </p>
   </div>
   <div class='ocr_carea' id='block_1_6' title="bbox 639 3219 1512 3312">
    <p class='ocr_par' dir='ltr' id='par_1_6' title="bbox 639 3219 1512 3312">
     <span class='ocr_line' id='line_1_20' title="bbox 639 3219 1512 3312; baseline 0.002 -22"><span class='ocrx_word' id='word_1_138' title='bbox 639 3223 808 3312; x_wconf 78' lang='lat' dir='ltr'><strong>Desctwto</strong></span> <span class='ocrx_word' id='word_1_139' title='bbox 825 3243 923 3310; x_wconf 77' lang='lat' dir='ltr'><strong>papo</strong></span> <span class='ocrx_word' id='word_1_140' title='bbox 944 3219 1111 3302; x_wconf 76' lang='lat' dir='ltr'><strong>Honoris,</strong></span> <span class='ocrx_word' id='word_1_141' title='bbox 1134 3220 1281 3290; x_wconf 65' lang='lat' dir='ltr'><strong>moedi</strong></span> <span class='ocrx_word' id='word_1_142' title='bbox 1308 3223 1512 3310; x_wconf 61' lang='lat' dir='ltr'><strong>maroam!</strong></span> 
     </span>
    </p>
   </div>
   <div class='ocr_carea' id='block_1_7' title="bbox 383 3339 1885 3478">
    <p class='ocr_par' dir='ltr' id='par_1_7' title="bbox 383 3339 1885 3478">
     <span class='ocr_line' id='line_1_21' title="bbox 383 3339 1885 3478; baseline -0.003 -22"><span class='ocrx_word' id='word_1_143' title='bbox 383 3404 468 3456; x_wconf 72' lang='lat' dir='ltr'><strong>Deam</strong></span> <span class='ocrx_word' id='word_1_144' title='bbox 481 3405 512 3454; x_wconf 79' lang='lat' dir='ltr'><strong>of</strong></span> <span class='ocrx_word' id='word_1_145' title='bbox 599 3386 725 3454; x_wconf 83' lang='lat' dir='ltr'><strong>Eodem</strong></span> <span class='ocrx_word' id='word_1_146' title='bbox 746 3408 844 3468; x_wconf 89' lang='lat' dir='ltr'><strong>anno,</strong></span> <span class='ocrx_word' id='word_1_147' title='bbox 859 3385 1015 3452; x_wconf 84' lang='lat' dir='ltr'><strong>defuncto</strong></span> <span class='ocrx_word' id='word_1_148' title='bbox 1036 3407 1123 3473; x_wconf 90' lang='lat' dir='ltr'><strong>papa</strong></span> <span class='ocrx_word' id='word_1_149' title='bbox 1146 3383 1304 3466; x_wconf 88' lang='lat' dir='ltr'><strong>Honorio,</strong></span> <span class='ocrx_word' id='word_1_150' title='bbox 1329 3385 1516 3474; x_wconf 86' lang='lat' dir='ltr'><strong>Gregorius,</strong></span> <span class='ocrx_word' id='word_1_151' title='bbox 1533 3389 1600 3478; x_wconf 90' lang='lat' dir='ltr'><strong>epi·</strong></span> <span class='ocrx_word' id='word_1_152' title='bbox 1613 3389 1780 3470; x_wconf 59' lang='lat' dir='ltr'><strong>Bor-went.</strong></span> <span class='ocrx_word' id='word_1_153' title='bbox 1872 3339 1885 3384; x_wconf 48' lang='lat'>¹</span> 
     </span>
    </p>
   </div>
   <div class='ocr_carea' id='block_1_8' title="bbox 383 3467 1750 3592">
    <p class='ocr_par' dir='ltr' id='par_1_8' title="bbox 383 3467 1750 3592">
     <span class='ocr_line' id='line_1_22' title="bbox 383 3467 1750 3592; baseline -0.02 -24"><span class='ocrx_word' id='word_1_154' title='bbox 383 3472 532 3592; x_wconf 55' lang='lat' dir='ltr'><strong>ffifffi</strong></span> <span class='ocrx_word' id='word_1_155' title='bbox 552 3512 668 3578; x_wconf 86' lang='lat' dir='ltr'><strong>scopus</strong></span> <span class='ocrx_word' id='word_1_156' title='bbox 681 3489 852 3567; x_wconf 86' lang='lat' dir='ltr'><strong>Ostiensis,</strong></span> <span class='ocrx_word' id='word_1_157' title='bbox 867 3487 1031 3571; x_wconf 88' lang='lat' dir='ltr'><strong>successit,</strong></span> <span class='ocrx_word' id='word_1_158' title='bbox 1044 3487 1289 3574; x_wconf 89' lang='lat' dir='ltr'><strong>quintodecimo</strong></span> <span class='ocrx_word' id='word_1_159' title='bbox 1304 3488 1428 3555; x_wconf 88' lang='lat' dir='ltr'><strong>scilicet</strong></span> <span class='ocrx_word' id='word_1_160' title='bbox 1441 3490 1602 3560; x_wconf 76' lang='lat' dir='ltr'><strong>kalendas</strong></span> <span class='ocrx_word' id='word_1_161' title='bbox 1642 3475 1677 3513; x_wconf 61' lang='lat' dir='ltr'><strong>&#39;V‘</strong></span> <span class='ocrx_word' id='word_1_162' title='bbox 1693 3467 1750 3516; x_wconf 76' lang='lat'><strong>¹⁴⁰·</strong></span> 
     </span>
    </p>
   </div>
   <div class='ocr_carea' id='block_1_9' title="bbox 386 3591 1623 3682">
    <p class='ocr_par' dir='ltr' id='par_1_9' title="bbox 386 3591 1623 3682">
     <span class='ocr_line' id='line_1_23' title="bbox 386 3591 1623 3682; baseline -0.006 -23"><span class='ocrx_word' id='word_1_163' title='bbox 386 3607 502 3673; x_wconf 53' lang='grc' dir='ltr'><strong>(ἕτερον,</strong></span> <span class='ocrx_word' id='word_1_164' title='bbox 554 3592 690 3680; x_wconf 86' lang='lat' dir='ltr'><strong>Aprilis.</strong></span> <span class='ocrx_word' id='word_1_165' title='bbox 743 3593 796 3658; x_wconf 93' lang='lat' dir='ltr'><strong>De</strong></span> <span class='ocrx_word' id='word_1_166' title='bbox 819 3614 884 3679; x_wconf 93' lang='lat' dir='ltr'><strong>quo</strong></span> <span class='ocrx_word' id='word_1_167' title='bbox 907 3591 1067 3670; x_wconf 88' lang='lat' dir='ltr'><strong>Honorio,</strong></span> <span class='ocrx_word' id='word_1_168' title='bbox 1090 3605 1138 3657; x_wconf 88' lang='lat' dir='ltr'><strong>x0.</strong></span> <span class='ocrx_word' id='word_1_169' title='bbox 1162 3591 1215 3656; x_wconf 90' lang='lat' dir='ltr'><strong>die</strong></span> <span class='ocrx_word' id='word_1_170' title='bbox 1245 3595 1324 3657; x_wconf 88' lang='lat' dir='ltr'><strong>ante</strong></span> <span class='ocrx_word' id='word_1_171' title='bbox 1354 3597 1497 3660; x_wconf 84' lang='lat' dir='ltr'><strong>mortem</strong></span> <span class='ocrx_word' id='word_1_172' title='bbox 1523 3595 1623 3682; x_wconf 66' lang='lat' dir='ltr'><strong>ejus„</strong></span> 
     </span>
    </p>
   </div>
   <div class='ocr_carea' id='block_1_10' title="bbox 384 3674 1622 3793">
    <p class='ocr_par' dir='ltr' id='par_1_10' title="bbox 384 3674 1622 3793">
     <span class='ocr_line' id='line_1_24' title="bbox 384 3674 1622 3793; baseline -0.006 -23"><span class='ocrx_word' id='word_1_173' title='bbox 384 3674 502 3793; x_wconf 41' lang='lat' dir='ltr'><strong>{32¹²sp</strong></span> <span class='ocrx_word' id='word_1_174' title='bbox 555 3720 630 3764; x_wconf 90' lang='lat' dir='ltr'><strong>cum</strong></span> <span class='ocrx_word' id='word_1_175' title='bbox 652 3701 804 3762; x_wconf 92' lang='lat' dir='ltr'><strong>mortuus</strong></span> <span class='ocrx_word' id='word_1_176' title='bbox 823 3695 1009 3762; x_wconf 86' lang='lat' dir='ltr'><strong>crederetur</strong></span> <span class='ocrx_word' id='word_1_177' title='bbox 1030 3716 1091 3760; x_wconf 89' lang='lat' dir='ltr'><strong>nec</strong></span> <span class='ocrx_word' id='word_1_178' title='bbox 1104 3697 1183 3772; x_wconf 87' lang='lat' dir='ltr'><strong>crat,</strong></span> <span class='ocrx_word' id='word_1_179' title='bbox 1200 3699 1235 3760; x_wconf 87' lang='lat' dir='ltr'><strong>et</strong></span> <span class='ocrx_word' id='word_1_180' title='bbox 1249 3695 1429 3761; x_wconf 82' lang='lat' dir='ltr'><strong>exhaustus</strong></span> <span class='ocrx_word' id='word_1_181' title='bbox 1451 3701 1487 3764; x_wconf 87' lang='lat' dir='ltr'><strong>ot</strong></span> <span class='ocrx_word' id='word_1_182' title='bbox 1508 3699 1622 3764; x_wconf 82' lang='lat' dir='ltr'><strong>semi--</strong></span> 
     </span>
    </p>
   </div>
   <div class='ocr_carea' id='block_1_11' title="bbox 396 3797 1624 3889">
    <p class='ocr_par' dir='ltr' id='par_1_11' title="bbox 396 3797 1624 3889">
     <span class='ocr_line' id='line_1_25' title="bbox 396 3797 1624 3889; baseline -0.007 -19"><span class='ocrx_word' id='word_1_183' title='bbox 396 3831 534 3886; x_wconf 60' lang='lat' dir='ltr'><strong>mm,</strong></span> <span class='ocrx_word' id='word_1_184' title='bbox 554 3801 653 3866; x_wconf 91' lang='lat' dir='ltr'><strong>vivus</strong></span> <span class='ocrx_word' id='word_1_185' title='bbox 674 3798 795 3887; x_wconf 89' lang='lat' dir='ltr'><strong>populo</strong></span> <span class='ocrx_word' id='word_1_186' title='bbox 812 3800 960 3865; x_wconf 88' lang='lat' dir='ltr'><strong>Romano</strong></span> <span class='ocrx_word' id='word_1_187' title='bbox 977 3799 1014 3862; x_wconf 95' lang='lat' dir='ltr'><strong>in</strong></span> <span class='ocrx_word' id='word_1_188' title='bbox 1035 3819 1089 3863; x_wconf 87' lang='lat' dir='ltr'><strong>res</strong></span> <span class='ocrx_word' id='word_1_189' title='bbox 1111 3797 1242 3885; x_wconf 82' lang='lat' dir='ltr'><strong>papales</strong></span> <span class='ocrx_word' id='word_1_190' title='bbox 1256 3797 1497 3882; x_wconf 77' lang='lat' dir='ltr'><strong>debacchanti,⁶</strong></span> <span class='ocrx_word' id='word_1_191' title='bbox 1514 3803 1624 3889; x_wconf 89' lang='lat' dir='ltr'><strong>quod.</strong></span> 
     </span>
    </p>
   </div>
   <div class='ocr_carea' id='block_1_12' title="bbox 554 4131 1606 4921">
    <p class='ocr_par' dir='ltr' id='par_1_12' title="bbox 554 4131 1606 4921">
     <span class='ocr_line' id='line_1_26' title="bbox 589 4131 1606 4204; baseline 0.001 -17"><span class='ocrx_word' id='word_1_192' title='bbox 589 4135 645 4202; x_wconf 72' lang='grc' dir='ltr'><strong>1οε]</strong></span> <span class='ocrx_word' id='word_1_193' title='bbox 665 4135 706 4187; x_wconf 90' lang='lat' dir='ltr'><strong>On</strong></span> <span class='ocrx_word' id='word_1_194' title='bbox 717 4149 750 4185; x_wconf 91' lang='lat' dir='ltr'><strong>an</strong></span> <span class='ocrx_word' id='word_1_195' title='bbox 761 4147 870 4184; x_wconf 82' lang='lat' dir='ltr'><strong>erasure.</strong></span> <span class='ocrx_word' id='word_1_196' title='bbox 1104 4131 1197 4193; x_wconf 82' lang='lat' dir='ltr'><strong>letters,</strong></span> <span class='ocrx_word' id='word_1_197' title='bbox 1215 4137 1231 4162; x_wconf 80' lang='lat'><strong>‘⁴</strong></span> <span class='ocrx_word' id='word_1_198' title='bbox 1242 4131 1313 4184; x_wconf 78' lang='lat' dir='ltr'><strong>Obiit</strong></span> <span class='ocrx_word' id='word_1_199' title='bbox 1333 4131 1467 4200; x_wconf 66' lang='lat' dir='ltr'><strong>&amp;oportue</strong></span> <span class='ocrx_word' id='word_1_200' title='bbox 1479 4152 1560 4204; x_wconf 83' lang='lat' dir='ltr'><strong>papa,</strong></span> <span class='ocrx_word' id='word_1_201' title='bbox 1571 4135 1606 4188; x_wconf 85' lang='lat' dir='ltr'><strong>leo</strong></span> 
     </span>
     <span class='ocr_line' id='line_1_27' title="bbox 588 4209 1605 4284; baseline -0.007 -18"><span class='ocrx_word' id='word_1_202' title='bbox 588 4213 697 4280; x_wconf 63' lang='lat' dir='ltr'><strong>&#39;ilerd</strong></span> <span class='ocrx_word' id='word_1_203' title='bbox 716 4214 744 4264; x_wconf 83' lang='lat' dir='ltr'>A</span> <span class='ocrx_word' id='word_1_204' title='bbox 754 4229 811 4264; x_wconf 81' lang='lat' dir='ltr'><strong>neu</strong></span> <span class='ocrx_word' id='word_1_205' title='bbox 823 4212 927 4276; x_wconf 83' lang='lat' dir='ltr'><strong>chapter</strong></span> <span class='ocrx_word' id='word_1_206' title='bbox 937 4225 989 4262; x_wconf 84' lang='lat' dir='ltr'><strong>vas</strong></span> <span class='ocrx_word' id='word_1_207' title='bbox 1008 4209 1059 4261; x_wconf 90' lang='lat' dir='ltr'><strong>ori·</strong></span> <span class='ocrx_word' id='word_1_208' title='bbox 1104 4213 1301 4278; x_wconf 55' lang='lat' dir='ltr'><strong>drangulum</strong></span> <span class='ocrx_word' id='word_1_209' title='bbox 1318 4211 1360 4274; x_wconf 84' lang='lat' dir='ltr'><strong>lec,</strong></span> <span class='ocrx_word' id='word_1_210' title='bbox 1366 4212 1490 4278; x_wconf 68' lang='lat' dir='ltr'><strong>scritate,</strong></span> <span class='ocrx_word' id='word_1_211' title='bbox 1505 4219 1605 4284; x_wconf 63' lang='lat' dir='ltr'><strong>magui.</strong></span> 
     </span>
     <span class='ocr_line' id='line_1_28' title="bbox 556 4289 1606 4364; baseline 0 -20"><span class='ocrx_word' id='word_1_212' title='bbox 556 4296 655 4364; x_wconf 78' lang='lat' dir='ltr'><strong>ginaby</strong></span> <span class='ocrx_word' id='word_1_213' title='bbox 677 4293 840 4344; x_wconf 87' lang='lat' dir='ltr'><strong>commeneed</strong></span> <span class='ocrx_word' id='word_1_214' title='bbox 867 4291 935 4349; x_wconf 86' lang='lat' dir='ltr'><strong>here,</strong></span> <span class='ocrx_word' id='word_1_215' title='bbox 958 4289 1021 4340; x_wconf 80' lang='lat' dir='ltr'><strong>with</strong></span> <span class='ocrx_word' id='word_1_216' title='bbox 1043 4304 1060 4340; x_wconf 87' lang='lat' dir='ltr'><strong>a</strong></span> <span class='ocrx_word' id='word_1_217' title='bbox 1103 4307 1173 4357; x_wconf 69' lang='lat' dir='ltr'><strong>moa,</strong></span> <span class='ocrx_word' id='word_1_218' title='bbox 1200 4289 1370 4357; x_wconf 79' lang='lat' dir='ltr'><strong>cupiditata,·”</strong></span> <span class='ocrx_word' id='word_1_219' title='bbox 1397 4294 1448 4344; x_wconf 85' lang='lat' dir='ltr'><strong>and</strong></span> <span class='ocrx_word' id='word_1_220' title='bbox 1476 4298 1606 4364; x_wconf 86' lang='lat' dir='ltr'><strong>secondly,</strong></span> 
     </span>
     <span class='ocr_line' id='line_1_29' title="bbox 555 4369 1604 4440; baseline -0.002 -13"><span class='ocrx_word' id='word_1_221' title='bbox 555 4375 641 4427; x_wconf 86' lang='lat' dir='ltr'><strong>rubrio</strong></span> <span class='ocrx_word' id='word_1_222' title='bbox 652 4374 766 4439; x_wconf 84' lang='lat' dir='ltr'><strong>prefixed</strong></span> <span class='ocrx_word' id='word_1_223' title='bbox 777 4393 785 4432; x_wconf 68' lang='grc' dir='ltr'><strong><em>ς</em></strong></span> <span class='ocrx_word' id='word_1_224' title='bbox 802 4374 848 4423; x_wconf 89' lang='lat' dir='ltr'><strong>but</strong></span> <span class='ocrx_word' id='word_1_225' title='bbox 861 4370 905 4421; x_wconf 84' lang='lat' dir='ltr'><strong>the</strong></span> <span class='ocrx_word' id='word_1_226' title='bbox 918 4369 1003 4421; x_wconf 88' lang='lat' dir='ltr'><strong>rubrio</strong></span> <span class='ocrx_word' id='word_1_227' title='bbox 1013 4370 1060 4419; x_wconf 84' lang='lat' dir='ltr'><strong>has</strong></span> <span class='ocrx_word' id='word_1_228' title='bbox 1104 4371 1211 4422; x_wconf 87' lang='lat' dir='ltr'><strong>another</strong></span> <span class='ocrx_word' id='word_1_229' title='bbox 1221 4372 1296 4437; x_wconf 88' lang='lat' dir='ltr'><strong>papal</strong></span> <span class='ocrx_word' id='word_1_230' title='bbox 1307 4373 1381 4423; x_wconf 77' lang='lat' dir='ltr'><strong>mitre</strong></span> <span class='ocrx_word' id='word_1_231' title='bbox 1390 4375 1440 4425; x_wconf 87' lang='lat' dir='ltr'><strong>and</strong></span> <span class='ocrx_word' id='word_1_232' title='bbox 1448 4389 1524 4438; x_wconf 82' lang='lat' dir='ltr'><strong>crosa,</strong></span> <span class='ocrx_word' id='word_1_233' title='bbox 1531 4387 1604 4440; x_wconf 81' lang='lat' dir='ltr'><strong>ercet,</strong></span> 
     </span>
     <span class='ocr_line' id='line_1_30' title="bbox 556 4451 1604 4516; baseline 0 -9"><span class='ocrx_word' id='word_1_234' title='bbox 556 4459 620 4507; x_wconf 85' lang='lat' dir='ltr'><strong>been</strong></span> <span class='ocrx_word' id='word_1_235' title='bbox 632 4455 726 4515; x_wconf 69' lang='lat' dir='ltr'><strong>med,</strong></span> <span class='ocrx_word' id='word_1_236' title='bbox 737 4453 787 4504; x_wconf 87' lang='lat' dir='ltr'><strong>and</strong></span> <span class='ocrx_word' id='word_1_237' title='bbox 798 4452 842 4502; x_wconf 80' lang='lat' dir='ltr'><strong>the</strong></span> <span class='ocrx_word' id='word_1_238' title='bbox 852 4451 922 4502; x_wconf 78' lang='lat' dir='ltr'><strong>vord</strong></span> <span class='ocrx_word' id='word_1_239' title='bbox 938 4465 1059 4515; x_wconf 82' lang='lat' dir='ltr'><strong>procura·</strong></span> <span class='ocrx_word' id='word_1_240' title='bbox 1104 4451 1166 4502; x_wconf 79' lang='lat' dir='ltr'><strong>vlth</strong></span> <span class='ocrx_word' id='word_1_241' title='bbox 1177 4451 1220 4504; x_wconf 83' lang='lat' dir='ltr'><strong>the</strong></span> <span class='ocrx_word' id='word_1_242' title='bbox 1230 4453 1321 4512; x_wconf 82' lang='lat' dir='ltr'><strong>verda,</strong></span> <span class='ocrx_word' id='word_1_243' title='bbox 1332 4453 1386 4503; x_wconf 88' lang='lat' dir='ltr'><strong>also</strong></span> <span class='ocrx_word' id='word_1_244' title='bbox 1396 4452 1424 4503; x_wconf 91' lang='lat' dir='ltr'><strong>in</strong></span> <span class='ocrx_word' id='word_1_245' title='bbox 1435 4455 1488 4516; x_wconf 84' lang='lat' dir='ltr'><strong>red,</strong></span> <span class='ocrx_word' id='word_1_246' title='bbox 1499 4459 1515 4484; x_wconf 90' lang='lat'>“</span> <span class='ocrx_word' id='word_1_247' title='bbox 1527 4455 1604 4507; x_wconf 82' lang='lat' dir='ltr'><strong>Crea-</strong></span> 
     </span>
     <span class='ocr_line' id='line_1_31' title="bbox 556 4529 1606 4598; baseline 0.001 -11"><span class='ocrx_word' id='word_1_248' title='bbox 556 4536 618 4587; x_wconf 81' lang='lat' dir='ltr'><strong>taat</strong></span> <span class='ocrx_word' id='word_1_249' title='bbox 636 4534 795 4594; x_wconf 63' lang='lat' dir='ltr'><strong>rubentum,</strong></span> <span class='ocrx_word' id='word_1_250' title='bbox 811 4530 897 4582; x_wconf 74' lang='lat' dir='ltr'><strong>ulrich</strong></span> <span class='ocrx_word' id='word_1_251' title='bbox 916 4530 996 4581; x_wconf 76' lang='lat' dir='ltr'><strong>olores</strong></span> <span class='ocrx_word' id='word_1_252' title='bbox 1015 4529 1059 4580; x_wconf 80' lang='lat' dir='ltr'><strong>the</strong></span> <span class='ocrx_word' id='word_1_253' title='bbox 1104 4531 1606 4598; x_wconf 70' lang='lat' dir='ltr'><strong>mlicsaiu,aeaesocqaeacaww.”</strong></span> 
     </span>
     <span class='ocr_line' id='line_1_32' title="bbox 554 4610 1604 4681; baseline 0.006 -19"><span class='ocrx_word' id='word_1_254' title='bbox 554 4614 692 4681; x_wconf 75' lang='lat' dir='ltr'><strong>preceding</strong></span> <span class='ocrx_word' id='word_1_255' title='bbox 703 4611 853 4678; x_wconf 77' lang='lat' dir='ltr'><strong>paragraph.</strong></span> <span class='ocrx_word' id='word_1_256' title='bbox 1104 4610 1188 4662; x_wconf 85' lang='lat' dir='ltr'><strong>There</strong></span> <span class='ocrx_word' id='word_1_257' title='bbox 1205 4611 1228 4662; x_wconf 87' lang='lat' dir='ltr'><strong>is</strong></span> <span class='ocrx_word' id='word_1_258' title='bbox 1245 4611 1375 4679; x_wconf 81' lang='lat' dir='ltr'><strong>evidently</strong></span> <span class='ocrx_word' id='word_1_259' title='bbox 1394 4628 1427 4664; x_wconf 90' lang='lat' dir='ltr'><strong>an</strong></span> <span class='ocrx_word' id='word_1_260' title='bbox 1445 4629 1516 4666; x_wconf 86' lang='lat' dir='ltr'><strong>error</strong></span> <span class='ocrx_word' id='word_1_261' title='bbox 1536 4617 1604 4677; x_wconf 83' lang='lat' dir='ltr'><strong>hera,</strong></span> 
     </span>
     <span class='ocr_line' id='line_1_33' title="bbox 588 4691 1605 4761; baseline 0.004 -17"><span class='ocrx_word' id='word_1_262' title='bbox 588 4695 657 4761; x_wconf 79' lang='lat' dir='ltr'><strong>¹eat]</strong></span> <span class='ocrx_word' id='word_1_263' title='bbox 677 4692 822 4745; x_wconf 86' lang='lat' dir='ltr'><strong>Interlined.</strong></span> <span class='ocrx_word' id='word_1_264' title='bbox 1103 4693 1154 4742; x_wconf 86' lang='lat' dir='ltr'><strong>and</strong></span> <span class='ocrx_word' id='word_1_265' title='bbox 1170 4692 1213 4743; x_wconf 83' lang='lat' dir='ltr'><strong>the</strong></span> <span class='ocrx_word' id='word_1_266' title='bbox 1230 4693 1313 4743; x_wconf 81' lang='lat' dir='ltr'><strong>words</strong></span> <span class='ocrx_word' id='word_1_267' title='bbox 1332 4691 1402 4745; x_wconf 76' lang='lat' dir='ltr'><strong>otiu</strong></span> <span class='ocrx_word' id='word_1_268' title='bbox 1423 4695 1474 4746; x_wconf 87' lang='lat' dir='ltr'><strong>and</strong></span> <span class='ocrx_word' id='word_1_269' title='bbox 1499 4695 1605 4748; x_wconf 73' lang='lat' dir='ltr'><strong>Cluacar</strong></span> 
     </span>
     <span class='ocr_line' id='line_1_34' title="bbox 589 4770 1405 4838; baseline 0 -14"><span class='ocrx_word' id='word_1_270' title='bbox 589 4775 599 4805; x_wconf 80' lang='lat'><strong>⁴</strong></span> <span class='ocrx_word' id='word_1_271' title='bbox 610 4775 642 4824; x_wconf 91' lang='lat' dir='ltr'><strong>In</strong></span> <span class='ocrx_word' id='word_1_272' title='bbox 652 4774 696 4825; x_wconf 85' lang='lat' dir='ltr'><strong>the</strong></span> <span class='ocrx_word' id='word_1_273' title='bbox 706 4772 807 4838; x_wconf 75' lang='lat' dir='ltr'><strong>margin</strong></span> <span class='ocrx_word' id='word_1_274' title='bbox 817 4773 897 4823; x_wconf 78' lang='lat' dir='ltr'><strong>belov</strong></span> <span class='ocrx_word' id='word_1_275' title='bbox 908 4785 952 4822; x_wconf 82' lang='lat' dir='ltr'><strong>are</strong></span> <span class='ocrx_word' id='word_1_276' title='bbox 962 4770 1058 4829; x_wconf 80' lang='lat' dir='ltr'><strong>drawn,</strong></span> <span class='ocrx_word' id='word_1_277' title='bbox 1104 4770 1195 4822; x_wconf 85' lang='lat' dir='ltr'><strong>should</strong></span> <span class='ocrx_word' id='word_1_278' title='bbox 1204 4773 1236 4824; x_wconf 86' lang='lat' dir='ltr'><strong>be</strong></span> <span class='ocrx_word' id='word_1_279' title='bbox 1251 4775 1405 4838; x_wconf 71' lang='lat' dir='ltr'><strong>hanspmed</strong></span> 
     </span>
     <span class='ocr_line' id='line_1_35' title="bbox 555 4851 1558 4921; baseline 0.002 -17"><span class='ocrx_word' id='word_1_280' title='bbox 555 4853 618 4916; x_wconf 77' lang='lat' dir='ltr'><strong>first,</strong></span> <span class='ocrx_word' id='word_1_281' title='bbox 634 4870 649 4904; x_wconf 97' lang='lat' dir='ltr'><strong>a</strong></span> <span class='ocrx_word' id='word_1_282' title='bbox 671 4853 745 4918; x_wconf 88' lang='lat' dir='ltr'><strong>papal</strong></span> <span class='ocrx_word' id='word_1_283' title='bbox 764 4851 838 4904; x_wconf 85' lang='lat' dir='ltr'><strong>mitre</strong></span> <span class='ocrx_word' id='word_1_284' title='bbox 860 4852 910 4902; x_wconf 87' lang='lat' dir='ltr'><strong>and</strong></span> <span class='ocrx_word' id='word_1_285' title='bbox 933 4864 1001 4901; x_wconf 69' lang='lat' dir='ltr'><strong>erm</strong></span> <span class='ocrx_word' id='word_1_286' title='bbox 1019 4865 1059 4899; x_wconf 69' lang='lat' dir='ltr'><strong>rv-</strong></span> <span class='ocrx_word' id='word_1_287' title='bbox 1137 4851 1329 4921; x_wconf 64' lang='lat' dir='ltr'><strong>&#39;detextualfl</strong></span> <span class='ocrx_word' id='word_1_288' title='bbox 1347 4855 1489 4918; x_wconf 77' lang='lat' dir='ltr'><strong>debaccati,</strong></span> <span class='ocrx_word' id='word_1_289' title='bbox 1501 4855 1558 4910; x_wconf 77' lang='lat' dir='ltr'><strong>MS.</strong></span> 
     </span>
    </p>
   </div>
   <div class='ocr_carea' id='block_1_13' title="bbox 555 4929 1059 4996">
    <p class='ocr_par' dir='ltr' id='par_1_13' title="bbox 555 4929 1059 4996">
     <span class='ocr_line' id='line_1_36' title="bbox 555 4929 1059 4996; baseline -0.016 -9"><span class='ocrx_word' id='word_1_290' title='bbox 555 4929 1059 4996; x_wconf 58' lang='lat' dir='ltr'><strong>mviththlainauriptioninred</strong></span> 
     </span>
    </p>
   </div>
   <div class='ocr_carea' id='block_1_14' title="bbox 0 0 2126 6150">
    <p class='ocr_par' dir='ltr' id='par_1_14' title="bbox 0 0 2126 6150">
     <span class='ocr_line' id='line_1_37' title="bbox 0 0 2126 6150; baseline 0 0"><span class='ocrx_word' id='word_1_291' title='bbox 0 0 2126 6150; x_wconf 95' lang='lat' dir='ltr'><strong> </strong></span> 
     </span>
    </p>
   </div>
  </div>
 </body>
</html>
