4242 6159
574 1002 638 1070 276
693 1013 859 1062 numum
881 1011 1094 1060 rnnrsrsusrs
1116 1008 1282 1059 msuorus
1304 1007 1508 1057 russorum.

407 1208 477 1261 nn.
490 1211 649 1258 rosseum
671 1189 769 1253 terris
790 1192 825 1253 et
846 1187 1001 1252 omnibus
1026 1185 1125 1251 rebus
1159 1184 1287 1250 amissis
1309 1184 1352 1249 ad
1379 1184 1547 1270 integrum
1577 1191 1815 1270 re-nogwenu.

575 1293 738 1370 stitueret,
762 1297 798 1356 et
819 1290 938 1377 ipsum,
961 1290 1019 1375 qui
1041 1288 1129 1376 patri
1153 1308 1212 1353 suo
1234 1293 1270 1353 et
1294 1287 1358 1352 sibi
1381 1287 1417 1352 in
1440 1307 1546 1351 werra
1567 1305 1628 1350 aua
1666 1272 1704 1307 Ν·
1720 1263 1784 1308 ¹⁰⁸·

576 1401 647 1459 tarn
673 1391 818 1459 fideliter
839 1389 1057 1458 militaverat
1089 1396 1128 1455 ut
1152 1389 1332 1455 humanam
1359 1395 1393 1454 et
1419 1388 1521 1454 ctiam
1543 1387 1647 1453 divi.

579 1517 658 1560 nam
681 1495 864 1560 offenderet
878 1489 1115 1580 [dignitatem,⁹
1138 1513 1230 1578 pura,
1246 1498 1286 1557 ut
1308 1491 1455 1568 decebat,
1478 1491 1650 1576 diligeret.

411 1607 542 1672 Theking
580 1597 724 1664 caritate.
769 1596 824 1661 Ad
854 1595 942 1681 quod
972 1617 1033 1659 rex
1066 1594 1244 1680 respondit,
1268 1592 1357 1679 quod
1390 1593 1453 1659 etsi
1486 1592 1650 1658 multum.

411 1673 559 1807 {mhi
581 1701 617 1765 in
632 1699 768 1765 servitio
782 1720 842 1764 suo
857 1698 1047 1774 laborasset,
1070 1695 1182 1761 omnia
1203 1697 1269 1761 fine
1288 1697 1429 1784 pessimo
1451 1694 1611 1761 conclusit
1623 1718 1651 1773 3.

581 1802 670 1866 undo

672 1934 690 1962 “
705 1925 791 1997 Tota
811 1923 916 1989 trahit
938 1922 1037 1989 series
1059 1943 1103 1988 ex
1125 1923 1184 1988 illa
1205 1928 1301 2010 parte
1323 1919 1544 2022 pudorem,¹’³
1645 1969 1653 1984 .

584 2059 670 2126 sicut
692 2064 787 2146 patet
809 2059 847 2123 in
867 2059 942 2124 vita
963 2057 1108 2123 hominis
1130 2079 1230 2146 penes
1254 2058 1372 2125 Deum.
1419 2057 1519 2137 Item,
1544 2055 1654 2144 idem:

584 2163 783 2248 F[aloasius]
800 2168 937 2248 propter
958 2162 1182 2248 proditionem
1198 2162 1421 2254 manifestam,
1438 2161 1655 2254 seditionem⁸

585 2271 620 2328 et
641 2262 926 2351 perturbationem
956 2263 1059 2351 regni,
1091 2263 1170 2328 licet
1193 2263 1268 2328 aliis
1299 2263 1500 2329 facinoribus
1526 2261 1655 2356 inqui-3

585 2371 693 2443 netur,
721 2365 764 2429 ob
794 2365 885 2430 omni
917 2364 1003 2429 clero
1036 2371 1073 2430 et
1103 2365 1225 2452 populo
1257 2366 1360 2452 regni,
1384 2388 1442 2452 per
1471 2363 1632 2450 judicium

586 2468 686 2532 ouriae
720 2489 798 2544 suae,
832 2467 875 2531 ab
897 2467 1021 2553 Anglia
1043 2474 1202 2554 perpetuo
1225 2467 1395 2548 exulavit;
1422 2467 1510 2532 unde
1537 2471 1571 2554 et
1600 2487 1654 2530 se.

585 2571 795 2634 abcessurum
822 2569 892 2635 sinc
918 2569 1030 2634 reditu
1054 2591 1154 2658 supra
1180 2591 1272 2635 sacra
1295 2569 1434 2655 juravit.
1489 2569 1535 2633 Et
1564 2567 1655 2634 haec.

587 2692 716 2757 quoque
747 2671 967 2736 mansuetudo
998 2681 1033 2736 et
1064 2672 1183 2758 gratia,
1221 2671 1451 2758 multiplicatis
1482 2672 1656 2736 intereos.

587 2774 724 2850 soribnS,
738 2773 894 2860 mitigato
905 2773 992 2858 juris
1013 2774 1131 2862 rigore,
1148 2774 1225 2860 quia
1248 2780 1388 2840 mortem
1410 2774 1655 2862 turpissimam.

587 2884 820 2965 promeruerat,
837 2883 895 2953 ¹est
918 2899 1076 2943 concesso.
1122 2877 1176 2955 Et,
1200 2877 1278 2942 licet
1300 2878 1395 2966 regni
1418 2899 1495 2942 cura
1517 2877 1657 2963 specis».

587 2981 666 3045 liter
688 2980 731 3044 ud
755 3002 865 3068 regem
896 2980 1006 3068 ipsum
1037 2981 1203 3068 pertinere
1234 2981 1434 3058 dinoscatur,
1456 2967 1638 3046 considera-

589 3083 713 3149 tionem
738 3104 807 3148 suae
832 3082 933 3148 curiae
955 3089 1068 3160 tamen
1090 3106 1157 3148 non
1179 3087 1289 3170 potest
1311 3079 1510 3148 infirmare.⁴
1556 3082 1659 3148 Haec.

591 3209 666 3251 cnm
690 3185 838 3250 audisset
862 3185 1021 3270 magister
1044 3184 1159 3262 Ottho,
1183 3185 1324 3250 cessavit
1347 3186 1487 3262 ulterius
1503 3185 1544 3250 de
1565 3183 1642 3249 Fal-

591 3289 678 3355 casio
700 3310 811 3374 regem
841 3287 990 3352 inaniter
1020 3287 1208 3378 sollicitare,
1236 3288 1315 3354 licet
1346 3287 1463 3354 fuisset
1493 3289 1536 3352 ab
1570 3289 1659 3374 ipso.

592 3391 771 3477 F[alcasio]
794 3390 909 3454 multis
931 3389 1115 3456 conductus
1137 3390 1313 3456 donativis.

770 3647 937 3733 Mopc'sler
953 3646 1049 3713 Ottlao
1073 3647 1161 3734 cepit
1178 3645 1466 3734 procurationes.⁵
1795 3621 1804 3638 ⁸
1864 3627 1875 3682 ⁴

425 3806 481 3856 The
492 3805 573 3872 legate
637 3797 729 3863 Tunc
751 3797 839 3863 idem
863 3798 970 3863 Ottho
993 3798 1082 3885 cepit
1104 3799 1146 3864 ab
1170 3799 1322 3865 omnibus
1345 3799 1486 3865 ecelesiis
1510 3796 1641 3884 Angliae
1651 3783 1824 3872 laguena.

424 3872 565 4004 mysos
594 3899 867 3966 conventualibus
891 3900 972 3965 duas
996 3922 1121 3966 marcas
1152 3903 1290 3988 argenti,
1325 3903 1459 3967 nomine
1490 3922 1643 3989 procura·
1679 3889 1716 3924 ¹⁷·
1733 3881 1792 3926 ¹⁰⁸·

425 4021 544 4085 procura-
594 4002 705 4068 tionis.
751 4001 798 4066 Et
821 4002 990 4077 sciendum
1017 4009 1076 4080 est,
1101 4004 1192 4088 quod
1213 4010 1361 4091 tempore
1392 4025 1456 4089 quo
1486 4001 1645 4089 magister

425 4072 563 4203 ffi’ozssd
595 4082 702 4170 Otlho
726 4105 819 4169 venit
850 4104 888 4168 in
911 4104 1078 4190 Angliam,
1104 4105 1257 4174 dominus
1279 4128 1365 4193 papa
1390 4105 1482 4170 misit
1507 4104 1644 4170 nuncios

425 4212 512 4255 «Μ
593 4228 653 4293 per
674 4205 787 4270 orbem
809 4206 1011 4286 universum,
1043 4207 1233 4272 exactiones
1265 4207 1412 4297 pecuniae
1442 4207 1564 4272 faciens
1595 4207 1662 4272 in·.

426 4272 582 4337 mmm
595 4308 736 4386 auditas,
758 4312 858 4395 prout
880 4306 1018 4373 inferius
1041 4308 1176 4374 dicetur.

629 4562 810 4630 ¹rutilaverat]
832 4565 1053 4632 Addcdinmurg.
1176 4565 1229 4616 ‘In
1257 4566 1300 4616 the
1325 4566 1424 4633 margin
1454 4569 1567 4632 opposite
1594 4567 1659 4632 this,

626 4642 991 4710 ’dipsitctedeingnitatem
1004 4643 1063 4695 MS.
1144 4642 1247 4708 chapter
1266 4645 1312 4694 has
1337 4647 1401 4696 been
1431 4646 1529 4697 written
1552 4647 1578 4696 in
1601 4648 1647 4696 red

627 4724 637 4753 ¹
649 4722 739 4774 Taken
747 4724 813 4773 from
820 4723 864 4773 the
873 4728 888 4752 “
894 4724 968 4781 Nora
976 4723 1099 4774 Poetico”
1142 4724 1236 4784 letters,
1247 4726 1293 4775 but
1300 4740 1358 4774 now
1367 4725 1484 4791 partiully
1491 4727 1646 4785 obliterated,

594 4801 922 4866 oroeoffreydevinesaut
940 4803 1098 4868 SecIaeyscr,
1141 4807 1157 4832 ‘⁶
1172 4803 1260 4864 Vacat,
1277 4803 1544 4870 quiuoffendioalum.”
1577 4803 1647 4854 Itis

595 4885 610 4909 ‘-
618 4881 689 4931 Poet
702 4881 770 4933 Med.
782 4882 843 4932 AEvi
854 4883 947 4944 Hisass’
958 4899 983 4947 p.
993 4888 1051 4935 865.
1141 4881 1228 4941 found,
1240 4881 1366 4944 however,
1378 4882 1405 4932 in
1418 4883 1506 4948 nearly
1518 4881 1561 4933 the
1579 4897 1647 4933 same

628 4961 638 4990 ⁴
650 4960 787 5026 infirmare]
806 4961 950 5020 imfirmsre,
966 4961 1023 5013 MS.
1142 4967 1234 5028 words,
1245 4966 1272 5015 in
1284 4965 1327 5017 W.
1338 4967 1390 5015 and
1400 4967 1430 5018 Β,
1443 4965 1473 5018 C.
