4242 6159
546 989 566 1054 6
677 1003 843 1054 usurum
865 999 1082 1051 alemanam
1104 995 1268 1048 marcum
1289 994 1493 1048 mucosus.

379 1193 449 1246 sn.
465 1182 662 1244 naacontra
683 1175 937 1263 prohibitionem
951 1173 1149 1252 Baldawini,
1171 1169 1425 1240 cantuariensis
1446 1169 1605 1257 arehiepi-

548 1281 647 1367 scopi,
669 1301 708 1346 eo
730 1279 819 1366 quod
841 1283 995 1365 parentes
1018 1281 1114 1343 erant
1135 1276 1172 1342 in
1202 1275 1304 1342 tertio
1331 1273 1436 1362 gradu
1465 1293 1603 1340 consan-

549 1380 730 1470 guinitatis

684 1651 845 1741 suessa
866 1651 1043 1741 apuam
1067 1649 1293 1740 oausam]
1313 1649 1455 1718 uaeas

386 1807 513 1859 nanos
597 1803 723 1869 Eodem
752 1807 900 1889 tempore
934 1799 1124 1879 Gauhidus,
1154 1799 1309 1887 Elyensis
1342 1799 1519 1887 episcopus,
1542 1798 1599 1884 xij.
1612 1811 1776 1892 populeus

387 1875 520 2005 iffi}
553 1907 711 1976 muenia
732 1903 935 1992 aspamam
960 1905 1139 1968 messurus
1165 1903 1323 1985 amessa
1345 1901 1433 1968 unae
1459 1923 1501 1967 ex
1526 1901 1622 1968 res.⁴
1657 1879 1730 1930 ¹¹¹³·

387 2009 445 2074 aly.
555 2009 641 2097 quiis
655 2007 725 2094 ejus
740 2007 918 2073 confiscata
939 2011 1020 2071 sumt
1041 2003 1110 2070 tria
1124 2005 1218 2070 milia
1238 2027 1358 2072 marcae
1373 2006 1514 2092 argenti,
1529 2025 1602 2069 cum

404 2097 433 2143 ²¹
447 2090 516 2157 Aug.
554 2110 630 2179 actia,
652 2110 779 2190 marcis,
801 2111 941 2195 excepto
967 2105 1142 2174 thesauro¹
1175 2128 1245 2185 suo,
1267 2108 1304 2172 in
1326 2107 1422 2189 vasis,
1440 2105 1604 2194 jocalibus
1616 2121 1781 2235 Rogfflepu

555 2221 590 2284 et
611 2219 733 2281 stauro.
1671 2203 1708 2238 ¹¹¹·
1721 2221 1746 2238 “·

795 2467 845 2536 De
867 2465 1085 2536 emanatione
1107 2467 1196 2555 repis
1217 2467 1375 2536 ascerus.

393 2640 504 2690 corona-
604 2625 686 2692 Dux
708 2624 879 2706 Ricardus,
902 2624 1057 2691 omnibus
1087 2624 1277 2692 necessariis
1298 2624 1343 2692 ad
1365 2624 1609 2690 coronationem
1620 2643 1785 2708 unguens

393 2705 535 2824 {3211th
560 2751 655 2795 suam
691 2727 895 2815 praeparatis,
927 2723 1118 2794 londonias
1148 2727 1262 2809 venit3
1299 2727 1368 2806 ubi,
1403 2727 1609 2814 congregatis
1665 2710 1702 2762 ὦ·
1716 2715 1740 2762 ⁵·

560 2829 810 2918 archiepiscopis
848 2829 1092 2908 cantuariensi,
1123 2829 1389 2917 Rothomagensi,
1424 2833 1459 2896 et
1492 2831 1611 2896 Treve-

559 2934 655 3015 rensi,
678 2932 721 2998 ab
737 2931 883 2998 eisdem⁹
904 2931 1074 2999 absolutus
1095 2931 1205 3000 lucrat
1219 2933 1256 2998 in
1278 2933 1429 3020 partibus
1451 2937 1614 2998 transma

562 3036 654 3115 riuis
677 3056 716 3101 eo
731 3034 822 3122 quod
843 3057 937 3100 arma
958 3041 1110 3102 moverat
1132 3040 1249 3102 contra
1271 3041 1400 3124 petrem
1422 3057 1519 3101 suum
1540 3038 1616 3121 post

562 3142 748 3224 susceptam
762 3156 898 3204 crucem.
943 3135 1054 3203 Affuit
1069 3137 1170 3203 etiam
1193 3143 1227 3204 et
1244 3137 1506 3224 archiepiscopus
1521 3135 1615 3202 Dub-

562 3241 708 3322 linensis,
730 3261 806 3306 cum
837 3238 991 3305 omnibus
1022 3239 1192 3327 episcopis,
1220 3241 1407 3324 comitibus,
1438 3237 1616 3305 baronibus

564 3350 599 3410 et
619 3343 716 3430 regni
736 3341 958 3430 magnatibus.
1015 3340 1234 3430 congregatis
1256 3343 1361 3431 igitur
1383 3341 1545 3418 omnibus,
1566 3362 1617 3406 or-

566 3445 644 3512 dine
666 3444 849 3530 subseripto
873 3442 1024 3508 diadema
1045 3444 1197 3531 sucepit.
1244 3445 1287 3511 In
1311 3445 1428 3533 primis
1454 3447 1618 3510 venerunt

567 3545 810 3633 archiepiscopi,
835 3543 985 3631 episcopi,
1008 3544 1147 3612 abbates
1169 3551 1205 3614 et
1229 3547 1348 3626 clerici,
1370 3547 1459 3634 capis
1482 3546 1618 3614 chorali-

567 3650 630 3716 bus
652 3647 774 3726 induti,
789 3646 917 3734 praevia
937 3667 1041 3725 cruce,
1072 3669 1159 3734 aqua
1176 3649 1359 3730 benedicta,
1374 3653 1410 3716 st
1431 3647 1619 3725 thuribulis,

570 3750 732 3837 usquead
754 3749 876 3815 ostium
898 3749 1038 3816 thalami
1060 3750 1245 3834 interioris;
1268 3757 1303 3818 st
1320 3751 1490 3820 duxerrmt
1511 3752 1619 3839 ipsum

524 3887 530 3898 ·
572 3853 688 3919 ducem
721 3852 759 3917 in
790 3851 957 3919 ecclesiam
983 3851 1275 3922 westmonasterii
1305 3875 1409 3941 usque
1439 3855 1483 3921 ad
1514 3853 1621 3939 majus

571 3955 685 4033 altare,
714 3975 789 4020 cum
817 3954 1022 4041 processione
1051 3954 1233 4044 sollempni.
1291 3957 1334 4022 In
1363 3957 1473 4026 medio
1509 3961 1621 4022 summ

574 4057 796 4145 episcoporum
826 4061 862 4122 et
894 4056 1087 4122 clericorum
1125 4059 1345 4145 procedebant
1382 4061 1440 4128 iiii
1475 4059 1621 4137 barones,

574 4164 746 4249 portantes
779 4157 977 4224 candelabra
1007 4179 1083 4225 cum
1117 4161 1217 4228 cereis
1249 4163 1411 4244 accensis3
1442 4167 1518 4252 post
1542 4181 1624 4248 quos

575 4261 757 4328 veniebant
780 4260 845 4327 duo
870 4259 1016 4340 comites,
1038 4281 1179 4348 quorum
1201 4263 1328 4351 primus
1356 4265 1513 4354 portabat
1535 4283 1633 4351 scsp.

576 4363 688 4431 trum³
710 4363 828 4452 regale,
849 4362 887 4429 in
908 4363 1002 4450 cujus
1026 4366 1220 4433 summitate
1241 4368 1373 4456 signum
1392 4375 1464 4435 erat
1477 4387 1625 4443 aureum,

577 4471 612 4532 et
626 4465 712 4533 altor
733 4465 890 4553 portabat
903 4487 1034 4554 virgam
1058 4467 1211 4556 regalem,
1233 4469 1412 4538 habentem
1433 4469 1470 4536 in
1491 4467 1625 4536 summi·
1657 4479 1700 4532 sol.
1712 4479 1780 4532 πὸ.

577 4573 648 4636 tate
676 4568 871 4635 columbam
916 4569 963 4636 Et
991 4576 1067 4656 post
1096 4571 1170 4639 illos
1193 4573 1373 4642 veniebant
1394 4574 1461 4640 duo
1483 4573 1625 4648 comites,

615 4798 760 4865 Ιώωνο]
779 4805 887 4860 tesauro,
906 4799 963 4851 MS.
1131 4808 1164 4844 no
1184 4796 1262 4845 doubt
1278 4794 1412 4862 originally
1423 4811 1440 4844 u
1451 4791 1546 4859 quihus,
1563 4791 1628 4842 asin

614 4957 778 5024 mam]
797 4958 840 5010 on
859 4973 893 5010 a
911 4959 1081 5024 mans
1131 4871 1316 5022 Wssg'effim]
1334 4949 1521 5020 apamias.
