4242 6159
780 1032 828 1082 nu
850 1032 1011 1081 rmrrona
1033 1032 1135 1082 unors
1156 1033 1338 1083 sonamus.
1519 1022 1581 1083 101

562 1252 606 1319 Ut
628 1252 878 1342 Rottcoaopum
899 1254 949 1323 σι’
974 1253 1208 1336 Nasamonio,
1231 1276 1311 1322 cum
1335 1252 1449 1321 ceter-ts
1472 1252 1572 1320 terris
1598 1241 1667 1294 M)-
1682 1247 1754 1294 ¹²0⁴·

623 1357 885 1437 transmarinis,
927 1357 972 1427 a’a
1004 1357 1206 1429 minima
1244 1357 1334 1446 rapis
1371 1357 1587 1425 Frortcorum

623 1468 796 1529 merum.

348 1589 524 1669 repuens
582 1585 678 1654 Oiroa
700 1589 772 1656 dies
800 1588 875 1657 illos
897 1588 1062 1657 exercitus
1084 1589 1172 1677 regis
1195 1588 1406 1669 Francorum,
1429 1588 1487 1675 qui
1514 1587 1585 1675 jam
1598 1603 1711 1683 chama

374 1674 416 1710 ¹¹*
433 1665 494 1711 ¹⁸⁰¹
535 1687 603 1755 fere
623 1712 682 1777 per
703 1714 828 1759 annum
843 1692 1016 1761 castellum
1034 1693 1076 1761 de
1096 1692 1381 1780 Rupe-Andeliaci
1403 1687 1585 1770 obsederat,
1597 1672 1744 1789 fflffled

534 1814 593 1879 per
618 1792 808 1861 suffossores
830 1818 986 1885 magnam
1008 1800 1137 1884 partem
1160 1810 1329 1863 murorum
1353 1799 1586 1882 prostraverat.
1599 1755 1755 1883 wiupuoger'

533 1894 683 1983 Rogems
706 1919 794 1977 vero,
822 1898 1005 1966 Castrensis
1032 1898 1307 1981 constabularius,
1329 1898 1383 1963 vir
1414 1872 1726 1989 magnanigssnffig

533 2020 608 2063 mus
633 2005 668 2065 et
697 2001 881 2081 bellicosus,
905 2002 1120 2090 Francigenis
1149 2008 1295 2069 castrum
1321 2001 1447 2067 intrare
1476 2000 1630 2067 velen-or
1643 2005 1755 2059 mester.

532 2101 622 2167 tibus
644 2103 829 2193 ingressum
843 2104 985 2171 viriliter
1008 2104 1192 2194 denegavit
1239 2105 1307 2171 Sed
1330 2105 1478 2185 tandem,
1495 2104 1588 2170 victu

535 2202 716 2284 deficiente,
748 2229 823 2274 oum
853 2208 897 2273 ad
927 2211 1059 2273 tant-am
1092 2208 1328 2297 perduceretur
1358 2206 1513 2295 inopiam,
1547 2212 1588 2272 ut

512 2308 690 2392 .equinam
728 2333 860 2377 carnem
892 2309 1060 2377 comedere
1094 2317 1274 2400 cogeretur,
1308 2316 1342 2377 et
1376 2309 1496 2376 deinde
1527 2330 1588 2375 nec

533 2410 664 2476 unicam
679 2410 816 2480 haberet
830 2414 970 2501 alicujus
984 2414 1098 2502 pabuli
1119 2415 1339 2493 refectionem,
1354 2414 1473 2479 maluit
1488 2412 1588 2479 armis

532 2536 634 2599 quam
654 2516 740 2581 tama
761 2515 864 2598 mori;
886 2516 976 2583 unde
989 2518 1060 2604 ipse
1075 2522 1110 2583 et
1131 2518 1372 2583 commilitones
1395 2516 1448 2582 sui
1466 2514 1588 2582 armati

531 2616 577 2681 ad
606 2639 706 2704 equos
730 2618 950 2696 convolantes,
973 2619 1014 2685 de
1037 2623 1145 2686 castro
1178 2642 1252 2687 cum
1274 2620 1402 2707 impetu
1425 2617 1588 2695 exierunt,

532 2720 712 2807 multisque
734 2744 778 2788 ex
801 2721 1010 2788 obstantibus
1029 2721 1267 2809 [interfectis],⁹
1290 2744 1365 2789 cum
1388 2743 1511 2809 magna
1533 2721 1588 2787 de-

532 2846 627 2891 mum
647 2825 841 2893 difficultate
863 2828 952 2914 capti
974 2832 1061 2893 sunt
1108 2827 1216 2893 Cessit
1231 2827 1336 2914 igitur
1359 2828 1531 2893 castellum
1547 2827 1588 2892 do

535 2926 819 3014 Rupe-Andeliaci
840 2928 877 2993 in
899 2951 979 2996 usus
1003 2930 1090 3017 regis
1117 2929 1328 3007 Francorum,
1351 2929 1460 3016 pridie
1483 2950 1588 2995 nonas
1618 2937 1742 2991 tMareh·

535 3029 657 3108 Martii,
681 3036 717 3097 et
739 3031 888 3119 Rogatus
902 3032 943 3097 de
958 3030 1053 3098 Lusci
1069 3031 1227 3097 cumanis
1243 3030 1398 3097 omnibus
1420 3030 1457 3097 in
1483 3032 1588 3097 Fran-

534 3131 617 3197 ciam
632 3138 748 3221 captus
759 3139 811 3199 est
824 3134 995 3215 adductus,
1005 3156 1084 3221 rege
1097 3139 1211 3199 tamen
1224 3132 1427 3199 Francorum
1437 3132 1587 3219 jubente,

533 3241 668 3322 propter
693 3236 896 3325 probitatem
918 3258 1012 3303 suam
1042 3237 1078 3301 in
1111 3236 1210 3302 castri
1235 3235 1385 3301 custodia
1406 3242 1587 3323 expertam,

534 3343 575 3403 ut
611 3339 673 3405 sub
709 3339 815 3405 libera
848 3340 997 3407 custodia
1033 3343 1223 3405 reverenter
1268 3338 1514 3420 custodiretur3
1553 3345 1588 3405 et

513 3441 670 3508 ‚tandem
700 3442 784 3509 liber
809 3449 844 3509 et
867 3442 1055 3530 indempnis
1087 3442 1242 3510 dimissus
1276 3446 1334 3507 est.
1386 3440 1459 3521 Quo
1488 3440 1588 3519 facto,
1600 3458 1656 3509 The
1667 3474 1721 3510 eas-

352 3557 521 3637 nggwmu
533 3544 705 3611 castellani
719 3567 832 3612 omnes
847 3547 888 3612 de
903 3545 1092 3633 regionibus
1113 3544 1353 3621 transmarinis,
1368 3566 1443 3610 oum
1459 3544 1587 3609 civibus
1599 3526 1755 3657 ffl'djgfn

378 3640 420 3677 ¹¹⁸
436 3630 497 3676 ¹⁸¹·
533 3652 568 3713 et
589 3647 664 3714 aliis
686 3649 756 3737 regi
778 3650 962 3736 Anglorum
984 3648 1151 3736 subjectis,
1174 3648 1311 3714 nuncios
1334 3647 1529 3714 direxerunt
1551 3646 1586 3712 in
1599 3658 1753 3739 iugandu-

532 3750 690 3838 Angliam
712 3752 783 3839 regi
805 3751 828 3816 J
831 3751 985 3839 [ohanni]
1008 3751 1242 3839 significantes,
1264 3755 1304 3816 ut
1322 3772 1409 3839 saepe
1432 3751 1586 3828 fecerant,
1599 3728 1722 3843 ss‘ffid

532 3853 570 3919 in
591 3852 679 3941 qua³
700 3858 811 3921 essent
833 3856 988 3942 angustia
1010 3854 1194 3934 constituti,
1218 3860 1254 3919 et
1277 3854 1367 3941 quod
1384 3860 1514 3941 tempus
1536 3855 1695 3920 in-soraid

533 3956 646 4022 stabat
671 3957 886 4039 induciarum,
909 3979 975 4045 quo
999 3957 1174 4045 oportebat
1196 3979 1251 4023 eos
1282 3956 1437 4023 civitates
1457 3962 1492 4022 et
1518 3979 1585 4023 cas·

514 4056 613 4127 .tella
638 4059 708 4149 regi
730 4060 932 4127 Francorum
954 4060 1135 4127 necessario
1161 4059 1332 4147 resignare.
1378 4059 1452 4124 Rex
1473 4063 1584 4125 autem

514 4162 674 4229 ,nimium
697 4169 935 4246 consternatus,
958 4171 993 4230 et
1019 4165 1060 4230 de
1083 4162 1354 4251 promissionibus
1375 4161 1585 4249 imperatoris

514 4264 712 4355 .O[thonis]
748 4267 912 4354 deceptus,
935 4268 1036 4354 coepit
1060 4266 1216 4342 diffidere,
1239 4263 1333 4331 etin
1359 4262 1506 4329 abissum
1529 4265 1585 4331 de·

509 4364 639 4457 'mergi
664 4367 925 4457 desperationia⁴
971 4368 1183 4457 Significavit
1197 4364 1327 4455 igitur⁵
1349 4366 1512 4445 omnibus,
1544 4374 1583 4433 ut

533 4472 663 4538 nullum
684 4474 818 4540 omnino
839 4474 883 4541 ab
904 4473 976 4561 ipso
1006 4476 1220 4560 expectarent
1245 4467 1415 4548 auxilium,
1439 4470 1497 4535 sed
1519 4468 1583 4535 sibi

1149 4618 1333 4628 ...ροσ--ι-ι

566 4697 573 4726 ¹
586 4695 623 4763 er]
641 4696 677 4756 in,
691 4697 721 4749 F.
1110 4692 1189 4746 ‘etde
1196 4690 1415 4761 prevaricatoribus.
1429 4728 1436 4745 .
1450 4731 1456 4743 .
1468 4692 1582 4759 despero-

550 4775 736 4843 *iamseeuq
755 4776 875 4843 Supplied
900 4776 965 4829 from
988 4776 1031 4828 W.
1078 4774 1163 4840 ticum]
1182 4773 1276 4825 Added
1287 4774 1413 4824 outothe
1424 4780 1486 4825 text.

531 4854 649 4907 ΜΕ.
1111 4852 1219 4921 ⁸1¹9th
1239 4852 1332 4904 Added
1342 4868 1377 4905 on
1387 4868 1420 4905 an
1432 4868 1540 4906 erasure.

566 4934 917 5004 ’dqaficaarcr...iaquc]
946 4938 1033 4991 Onan

534 5028 642 5066 erasure.
