4242 6159
559 1035 623 1100 464
685 1049 852 1101 uirium
874 1051 1088 1102 rimsmnsm
1109 1050 1273 1102 msrosn
1295 1050 1494 1102 momatur.
1518 1089 1523 1096 .

390 1223 458 1278 ΑΒ·
475 1227 731 1292 rememorati
762 1227 900 1294 servitio
931 1232 966 1294 et
999 1232 1159 1315 receptus,
1191 1217 1336 1315 gratiam
1369 1227 1515 1316 adeptus,
1547 1226 1605 1293 sed

390 1305 518 1423 {ffli'
557 1335 749 1418 suspectam.
808 1330 903 1411 Quod
941 1352 1017 1396 cum
1054 1330 1227 1398 audissent
1264 1330 1482 1410 Pictavenses,
1516 1331 1605 1418 quod

391 1440 493 1492 submit
557 1433 706 1500 cessisset
729 1439 764 1499 et
785 1431 974 1500 cecidisset¹
992 1453 1105 1500 eorum
1127 1432 1338 1512 fortissimus,
1351 1433 1476 1500 scilicet
1499 1455 1606 1500 comes

557 1536 598 1602 de
629 1534 787 1616 Marchia,
818 1537 970 1603 stillatim
1002 1558 1090 1602 unns
1119 1541 1196 1623 post
1226 1536 1369 1602 alterum
1402 1537 1447 1602 ad
1479 1537 1604 1622 subjec-

555 1639 681 1705 tionem
718 1640 806 1727 regis
845 1640 1047 1706 Francorum
1081 1639 1325 1719 confluxerunt,
1362 1639 1440 1705 licet
1473 1639 1605 1704 thesau-

556 1763 630 1806 rum
664 1763 685 1806 a
714 1764 790 1830 rege
813 1742 997 1830 Anglorum
1030 1742 1066 1806 in
1098 1741 1187 1828 ipsos
1217 1741 1404 1809 confidente
1438 1741 1605 1829 copiosum

556 1845 760 1932 recepissent.

539 2009 545 2018 ¹
587 2054 660 2121 aa
682 2053 821 2142 sapa
843 2055 936 2121 niso
957 2054 1002 2122 aa
1024 2054 1220 2122 roccam
1241 2055 1289 2122 ac
1313 2055 1517 2142 sacoma,
1540 2061 1570 2120 c

839 2157 942 2224 illinc
957 2158 1056 2246 sapit
1079 2159 1126 2226 ad
1148 2159 1322 2227 Bicoium.

389 2303 480 2382 Hem
602 2293 675 2360 Rex
712 2316 791 2360 vero
828 2295 1024 2384 Anglorum,
1064 2295 1121 2382 qui
1154 2295 1227 2383 jam
1264 2298 1302 2362 in
1339 2276 1527 2362 Piouviani
1562 2296 1605 2361 ad

391 2370 522 2487 ssfflffm
557 2398 743 2464 Taillebnrc
779 2403 924 2480 venerat,
958 2403 992 2465 ct
1029 2399 1123 2464 illinc
1159 2400 1203 2466 ad
1237 2400 1393 2466 Blavinm
1430 2399 1604 2476 desolatus,

391 2504 511 2569 murga
557 2505 671 2589 raptus
702 2499 895 2588 confugerat
925 2500 1011 2567 circa
1040 2501 1312 2590 Assumptionem
1346 2502 1452 2569 beatae
1479 2502 1603 2581 Mariae,

390 2569 526 2716 Bibybng.
557 2603 698 2670 audito⁸
729 2603 817 2690 quod
848 2625 907 2670 rex
941 2602 1155 2684 Francorum,
1190 2605 1249 2691 qui
1283 2606 1404 2684 omnia,
1435 2627 1509 2692 qnae
1546 2627 1605 2670 rex

556 2705 687 2794 anglia
719 2728 739 2771 a
773 2711 865 2794 tergo
896 2707 1087 2792 reliquerat,
1112 2707 1148 2771 in
1179 2729 1273 2772 suam
1306 2709 1377 2773 sine
1411 2705 1606 2773 difficultate

556 2814 723 2897 receperat
753 2809 924 2890 ditionem,
955 2814 1101 2896 ooeperat
1133 2809 1305 2891 infirmari,
1331 2809 1457 2875 ibidem
1489 2810 1606 2886 tutius,

556 2916 596 2979 ut
618 2934 639 2977 a
660 2911 772 2978 labore
796 2933 861 2998 qno
882 2911 1088 2999 fatigabatur
1111 2913 1295 3000 respiraret,
1310 2933 1371 3000 per
1393 2911 1521 2999 aliquot
1536 2912 1606 2978 dies

557 3015 827 3083 commorabatur.
874 3015 1004 3104 Regina
1036 3015 1181 3103 insuper,
1214 3037 1288 3102 quae
1320 3037 1387 3080 non
1421 3015 1553 3104 penitus
1585 3037 1606 3081 a

390 3137 465 3189 Birta
475 3138 509 3220 pf
556 3120 729 3208 puerperio
752 3117 933 3197 convaluit,
956 3119 993 3182 in
1016 3139 1109 3205 spem
1132 3123 1168 3184 et
1187 3118 1443 3185 consolationem
1476 3119 1607 3205 quievit

389 3205 521 3310 ¹¹¹⁹P¹³¹¹2
557 3227 672 3289 crecta
719 3220 895 3308 Pepererat
928 3242 1072 3307 namque
1094 3220 1209 3298 filiam,
1231 3242 1306 3309 quae
1329 3220 1468 3286 Beatrix
1489 3227 1608 3287 vocata

295 3311 300 3324 .
391 3273 509 3324 ccecha

390 3339 489 3390 tricent
558 3331 617 3403 est,
650 3323 739 3412 apud
771 3323 994 3411 Burdegalim,
1022 3323 1059 3388 in
1091 3324 1237 3390 crastino
1270 3321 1471 3390 Nativitatis
1501 3323 1607 3389 sancti

391 3407 532 3459 ”mm
558 3427 728 3495 «iohannis

380 3563 393 3578 Ι
408 3491 439 3538 2⁵
451 3487 470 3538 J
471 3503 527 3539 une.

635 3652 686 3721 De
704 3651 905 3741 proditione
926 3649 1090 3718 iilamoria
1112 3649 1291 3718 comitissa
1313 3650 1463 3732 Babrdoe,
1486 3650 1541 3717 ci'

904 3754 1082 3835 amam,
1097 3754 1180 3842 filio
1201 3776 1270 3821 saw.

391 3925 529 3978 maanes
602 3899 762 3985 Tempore
797 3895 860 3962 sub
891 3894 1005 3962 eodem
1037 3893 1133 3963 veuit
1165 3892 1205 3958 de
1238 3892 1390 3980 partibus
1424 3891 1609 3960 Waaconise

391 4009 437 4044 ⁰¹¹¹
453 3994 726 4112 {qni-eomitissa
747 3997 887 4078 Biardae,
911 3997 1031 4062 mulier
1065 3994 1253 4084 prodigiosa
1285 4000 1320 4061 et
1351 3999 1487 4083 turgens
1509 3994 1610 4061 abdo·

391 4076 522 4178 {iuim‘
558 4107 656 4185 ruine,
680 4103 724 4168 ad
745 4121 866 4189 regem,
888 4097 1003 4166 efficax
1027 4097 1188 4164 subdolo
1210 4098 1410 4185 promittens
1431 4098 1610 4164 certissime

391 4193 520 4247 ornem.
558 4209 665 4277 eidem
688 4204 860 4273 consilium
890 4209 924 4268 et
947 4199 1120 4281 auxilium,
1143 4200 1172 4265 si
1194 4200 1265 4286 ejus
1291 4205 1326 4266 et
1347 4199 1408 4266 filii
1431 4201 1483 4264 sni
1507 4199 1610 4266 Gaas·

558 4313 647 4381 tonis
669 4305 835 4377 consiliis‘
850 4304 1083 4392 adquiesceret
1123 4301 1212 4384 Quid
1235 4303 1353 4390 plura?
1389 4302 1482 4368 Adeo
1505 4303 1608 4369 domi-

559 4437 640 4483 num
662 4433 772 4500 regem
794 4409 887 4475 falsis
920 4403 1250 4473 sermocinationibus
1272 4405 1482 4485 fascinnavit,
1505 4410 1546 4470 nt
1566 4406 1608 4471 ab

559 4519 675 4586 eodem
702 4535 770 4580 non
808 4510 982 4576 minimum
1017 4508 1212 4574 thesaurum
1246 4513 1479 4595 argumentose
1510 4507 1610 4573 nimis

559 4623 782 4707 extorqueret,
804 4621 845 4682 nt
867 4613 913 4678 ric
935 4612 1030 4694 fieret
1052 4614 1168 4699 postea
1189 4608 1307 4675 fortior
1329 4609 1373 4675 ad
1395 4611 1587 4676 nocendum.

695 4855 701 4884 ¹
720 4853 831 4902 rasisse!
841 4856 864 4899 rt
874 4845 1012 4910 cecidisset]
1031 4844 1126 4895 Added
1138 4843 1165 4893 in
1178 4858 1257 4908 marg.

694 4935 704 4963 ²
719 4930 817 4995 cadilo]
836 4929 874 4977 Ae
885 4927 940 4976 first
952 4925 1051 4974 written
1062 4921 1148 4972 andito
1160 4923 1240 4988 ipim,
1252 4923 1297 4973 bat
1309 4923 1384 4988 ipim
1394 4924 1487 4972 crased.

694 5013 704 5042 ¹
720 5009 757 5076 ct]
775 5023 843 5066 cnm,
854 5007 885 5057 B.
897 5005 927 5057 0.

694 5093 703 5121 ⁴
719 5086 842 5152 camilia]
862 5083 955 5136 Added
965 5083 992 5133 in
1003 5095 1085 5147 marg.
