4242 6159
566 1015 631 1080 346
699 1028 864 1079 uirrnnr
885 1029 1100 1080 rmmrarzsn
1122 1029 1287 1080 nrsronri
1308 1029 1508 1081 morosum
1569 1073 1572 1080 .

397 1282 468 1335 Ab.
482 1286 554 1333 12³2.
568 1225 741 1350 Qtioroodo
770 1266 1026 1334 Lorcdonienses
1047 1265 1123 1353 fore
1159 1271 1394 1354 oppresserant
1424 1263 1619 1334 Hubertum

390 1409 393 1413 >
925 1368 1024 1456 opud
1045 1369 1264 1436 Meretonoou

398 1523 551 1575 unumne
614 1505 786 1572 Hubertus
809 1528 939 1593 quoque
961 1507 1004 1572 do
1027 1507 1148 1594 Burgo,
1170 1505 1224 1572 cui
1247 1506 1345 1571 datus
1369 1505 1479 1571 fuerat
1501 1527 1522 1571 a
1542 1527 1619 1593 rege
1630 1521 1797 1588 Rogwu

397 1591 536 1708 mlo*
569 1609 731 1675 terminus
756 1609 812 1674 ille
841 1610 885 1674 ad
910 1609 1177 1696 respondendum
1203 1630 1301 1696 super
1330 1608 1478 1679 articulis
1503 1613 1539 1674 et
1563 1629 1621 1673 ex·
1659 1589 1694 1640 iv.
1708 1594 1769 1641 ²⁴⁹·

399 1730 507 1802 oqmeto
569 1712 753 1778 actionibus
777 1711 985 1799 supradictis,
1020 1712 1106 1777 iram
1142 1711 1229 1798 regis
1259 1711 1362 1776 nimis
1395 1711 1518 1776 habens
1549 1731 1624 1804 sus·¹

396 1789 462 1841 mal
569 1819 706 1899 pectam,
738 1834 807 1878 non
838 1820 890 1880 cst
921 1835 1021 1880 ausus
1051 1836 1246 1900 comparere
1292 1813 1447 1879 Inuoluit
1469 1813 1557 1878 onim
1580 1812 1620 1890 ei,

569 1916 658 2002 quod
690 1937 751 1981 rex
782 1915 900 1981 habuit
930 1916 1107 1980 consilium
1144 1915 1254 2003 ipsum
1288 1919 1394 1980 morte
1430 1914 1623 2000 turpissima

567 2018 834 2104 condempnare3
871 2017 962 2083 unde
999 2017 1044 2082 ad
1082 2039 1196 2105 pacem
1240 2017 1383 2083 ecclesiee
1420 2016 1627 2109 confugerat,

568 2120 670 2186 donec
700 2119 766 2184 sibi
799 2141 881 2184 aure
913 2119 1040 2185 felicior
1073 2119 1239 2186 arrideret
1285 2117 1351 2184 Sed
1382 2117 1519 2184 tandem
1547 2139 1620 2183 cum

567 2244 629 2287 rex
648 2222 679 2288 ei
702 2222 927 2308 significasset,
945 2226 984 2285 ut
1001 2222 1131 2287 veniret
1147 2223 1191 2287 ad
1211 2221 1335 2286 curiam
1352 2220 1423 2306 juri
1444 2221 1620 2307 pariturus,

567 2324 777 2389 renunciavit
814 2323 894 2410 regi,
930 2323 1020 2409 quod
1052 2324 1138 2388 iram
1172 2323 1242 2409 ejus
1273 2322 1455 2388 formidans
1485 2328 1520 2388 et
1550 2322 1621 2408 ejus

568 2424 752 2504 consilium,
776 2424 819 2489 nd
843 2424 1012 2490 ecclesiam
1035 2423 1237 2511 confugerat,
1258 2447 1333 2511 quae
1355 2425 1513 2489 ultimum
1534 2423 1621 2489 refa-

568 2526 661 2613 gium
683 2531 734 2591 est
755 2527 914 2612 injuriam
936 2526 1151 2612 potientibus,
1175 2548 1235 2591 nec
1257 2527 1373 2604 exiret,
1403 2528 1507 2592 donec
1532 2525 1622 2591 illius

400 2642 533 2710 Theung
569 2628 718 2693 animum
746 2629 785 2694 in
814 2629 933 2694 melius
962 2634 1112 2695 nosceret
1143 2634 1390 2696 commutatum.
1441 2629 1533 2694 Tunc
1561 2647 1621 2692 rex

399 2709 539 2841 fflffif
569 2730 607 2794 in
628 2730 713 2796 imm
734 2752 859 2810 versus,
888 2731 1091 2818 significavit
1120 2731 1238 2818 majori
1270 2731 1524 2812 Londminrnm,
1549 2729 1621 2816 jam

399 2843 546 2922 londonto
569 2832 651 2897 hore
692 2833 840 2899 instante
870 2834 1071 2920 vespertina,
1102 2834 1265 2919 quatinus,
1289 2834 1405 2916 statim
1438 2833 1622 2920 conjunctis

399 2909 543 3040 ξῗᾎξῐξζω
569 2935 635 2999 sibi
664 2934 791 3000 civibus
821 2935 995 3015 universis,
1019 2936 1077 3022 qui
1107 2958 1200 3000 orme
1229 2956 1362 3001 movere
1388 2939 1529 3023 possent,
1556 2936 1621 3000 iret
1691 3019 1694 3025 Ι

570 3036 615 3102 ad
637 3037 843 3102 Meretonam
862 3037 1035 3115 hostiliter,
1056 3042 1092 3102 et
1112 3037 1303 3103 Hubertum
1324 3039 1542 3122 undecunque
1564 3059 1640 3103 ex-.

567 3143 723 3219 tractum,
757 3140 875 3204 rivum
908 3137 973 3203 sibi
1004 3159 1064 3203 seu
1096 3143 1266 3204 mortuum
1302 3143 1527 3226 praesentaret
1573 3139 1622 3203 At
1632 3147 1800 3214 nanneno.

567 3245 674 3332 major
695 3246 794 3311 laetus
816 3246 858 3310 de
879 3250 1052 3332 praecepto,
1077 3244 1171 3332 signo
1194 3247 1360 3311 communi
1386 3244 1526 3332 pulsate,
1550 3245 1621 3312 haec
1635 3281 1642 3296 ·
1655 3216 1692 3266 lv.
1705 3221 1764 3268 ²⁵⁰¹

526 3354 529 3359 '
569 3348 682 3414 omnio
715 3348 843 3435 populo·
874 3347 1061 3435 propalavit
1098 3368 1197 3434 super
1227 3347 1288 3412 hoc
1324 3348 1503 3428 laetificato,
1543 3348 1641 3433 quia.

401 3467 507 3534 Alingo
569 3450 678 3538 ipsum
709 3449 869 3529 oderant;
899 3449 987 3514 unde
1013 3449 1056 3513 ad
1084 3449 1208 3536 viginti
1237 3449 1331 3514 milia
1360 3456 1562 3516 armatorum
1585 3451 1639 3516 in·
1657 3467 1701 3519 sol.
1716 3467 1798 3521 not.
1884 3533 1885 3542 ἦ

399 3535 509 3612 upoyof
570 3552 713 3617 crastino
735 3556 813 3616 ante
833 3551 939 3616 lucem
963 3557 1131 3630 exeuntes,
1153 3573 1267 3617 versus
1291 3552 1496 3618 Meretonam
1517 3557 1622 3618 ruunt

398 3608 775 3731 ioi‘ii'tffitoatervacim,
817 3652 1017 3729 Hubertum,
1047 3652 1084 3716 in
1121 3651 1228 3719 frusta
1265 3655 1469 3742 discerpturi.
1526 3653 1642 3734 Quod.

398 3748 515 3851 ἓξὲξ
572 3755 711 3822 audiens
740 3755 923 3836 Hubertus,
946 3761 1026 3821 onte
1056 3755 1164 3841 majus
1191 3757 1300 3822 altare
1326 3759 1436 3822 nudus
1457 3757 1564 3843 pedes,
1585 3756 1642 3822 in.

398 3868 513 3919 muco.
572 3857 784 3924 femoralibus
806 3862 841 3922 et
863 3857 1005 3937 camisia,
1041 3879 1112 3923 sese
1143 3858 1400 3944 praecordialiter
1431 3859 1501 3924 Deo
1524 3858 1642 3924 cum¹.

570 3959 716 4026 lacrimis
738 3981 843 4036 orans,
868 3981 985 4046 corpus
1015 3981 1112 4025 suum
1135 3966 1170 4027 et
1192 3961 1338 4026 enimam
1363 3967 1524 4047 tanquam
1546 3961 1641 4027 ilico.

571 4064 752 4128 moriturus
784 4062 1060 4128 commendabat?
1117 4063 1269 4142 Interim,
1296 4063 1375 4128 dum
1397 4064 1464 4130 iter
1486 4069 1640 4152 agerent.

602 4313 686 4365 ‘Deo
697 4314 764 4380 cum]
778 4313 819 4364 On
831 4328 983 4363 summare.
1120 4311 1150 4364 de
1162 4313 1256 4380 Baroo,
1271 4313 1430 4365 discalciatus
1442 4323 1466 4365 et
1477 4317 1503 4365 in
1520 4317 1623 4367 cuniam

601 4391 816 4456 mmmm]
835 4393 1007 4452 comendabct,
1017 4391 1075 4444 MS.
1117 4391 1191 4444 solun
1202 4401 1260 4443 onte
1275 4391 1354 4444 altore
1370 4393 1399 4445 de
1411 4399 1545 4457 Marcone,
1563 4413 1625 4446 mor·

567 4473 601 4526 In
622 4472 666 4524 the
687 4472 835 4538 margines
855 4472 899 4522 fol.
923 4477 1003 4523 llto.
1018 4471 1042 4522 is
1059 4487 1076 4521 a
1119 4471 1402 4537 ammadoeapectotf
1418 4474 1623 4525 dominatoris

568 4551 955 4617 drawingwhichrctsrstothis
963 4566 1074 4617 passage,
1118 4553 1182 4602 ciosr
1216 4551 1405 4614 londonense,
1433 4553 1512 4604 tostos
1545 4555 1623 4620 ojuc.”

568 4624 979 4696 representingHubcrtchiirgh
987 4630 1074 4680 linesl·
1118 4629 1232 4681 Beneath
1260 4631 1302 4681 the
1325 4633 1439 4698 drawing
1462 4633 1485 4683 is
1509 4633 1622 4684 written:

569 4711 615 4775 ing
625 4710 711 4761 before
722 4725 755 4760 an
766 4710 836 4769 alm,
848 4711 904 4760 clad
915 4711 976 4776 only
994 4709 1021 4759 in
1033 4709 1074 4759 his
1116 4709 1200 4759 “Hoc
1211 4709 1288 4760 etism
1299 4712 1420 4776 competit
1430 4712 1454 4762 el
1463 4693 1560 4762 duobui
1566 4712 1623 4762 aliis

568 4789 634 4840 chin
647 4789 699 4839 aad
719 4789 837 4850 dnum,
858 4789 908 4839 sod
929 4788 1037 4852 holding
1057 4802 1073 4838 a
1117 4787 1180 4837 loeis
1191 4791 1360 4854 sequentibus,
1367 4791 1473 4852 scilicet,
1485 4793 1551 4855 apud
1559 4791 1622 4841 Bos·

569 4882 638 4919 croso
649 4867 676 4916 in
687 4866 728 4917 his
739 4867 827 4918 mods.
852 4867 944 4918 Abovo
955 4866 997 4916 his
1007 4867 1073 4916 head
1115 4869 1351 4932 cum-combustum,
1367 4877 1393 4921 et
1403 4870 1430 4920 ln
1442 4869 1539 4935 capella
1550 4871 1618 4937 apud

568 4946 593 4997 is
603 4945 647 4996 the
657 4945 788 5013 following
808 4945 902 5007 rubrio,
919 4951 934 4974 “
944 4943 1072 4996 Hutntus
1117 4945 1246 4999 Divisa?
