4242 6159
606 972 650 1040 90
731 981 898 1035 narrum
921 978 1541 1041 sauu1uus1suisrouusuunouuu.

436 1171 506 1223 an.
520 1177 591 1223 mor.
604 1158 757 1247 generale
785 1156 957 1247 proposuit
979 1155 1136 1236 edictum,
1159 1159 1199 1220 ut
1229 1156 1364 1221 comites
1393 1160 1429 1221 et
1450 1156 1599 1234 barones,
1621 1160 1657 1221 et

436 1264 493 1317 Tse
507 1265 551 1318 bt·
605 1283 718 1329 omnes
740 1262 799 1349 qui
820 1260 965 1331 militare
986 1260 1019 1328 ei
1032 1257 1207 1329 servitium
1230 1257 1405 1338 debebant,
1423 1259 1533 1347 parati
1547 1264 1677 1335 essent,

436 1346 559 1449 mum.
604 1365 695 1455 apud
717 1364 934 1441 Po1tesmues‚
956 1384 1031 1429 cum
1062 1362 1156 1447 equis
1178 1365 1213 1431 et
1234 1360 1343 1441 armis,
1365 1362 1409 1427 ad
1437 1362 1657 1431 transfreten-

435 1466 564 1517 monceio
604 1468 685 1535 dum
707 1488 782 1533 cum
805 1488 844 1532 eo
869 1466 912 1533 ad
941 1468 1054 1555 partes
1085 1464 1332 1545 transmarinas,
1364 1463 1418 1529 die
1448 1464 1675 1531 Pentecostes'

346 1628 354 1644 ,
436 1544 670 1657 ffimpsnyjam
699 1571 853 1636 instante.
898 1567 1064 1635 Veniente
1087 1570 1200 1635 autem
1223 1566 1276 1632 die
1298 1570 1438 1649 statuto,
1463 1568 1570 1647 multi,
1592 1568 1656 1635 im·

436 1665 536 1717 ΕΜ
604 1677 736 1760 petreta
757 1671 901 1751 licentia,
924 1674 1164 1750 remanserunt,
1187 1668 1305 1735 dantes
1334 1670 1406 1757 regi
1436 1670 1477 1735 de
1507 1670 1657 1762 quolibet

461 1748 573 1815 ΜΨ
602 1779 696 1842 scuto
718 1775 802 1841 duas
823 1794 951 1839 marcus
973 1772 1112 1859 argenti.

685 2071 1152 2181 ermeneumata
1176 2091 1344 2183 Thumna
1358 2091 1453 2183 sueto
1475 2100 1576 2160 muto.
1668 2142 1676 2159 .

436 2254 569 2307 Sinonde
647 2240 774 2307 Diebus
792 2240 854 2307 sub
876 2239 999 2307 eisdem
1022 2239 1182 2327 magister
1203 2238 1330 2327 Symon
1353 2239 1394 2305 de
1417 2240 1586 2329 Thurnay,
1601 2263 1675 2309 ex·.

434 2320 560 2439 iffi
602 2342 852 2413 ⁰⁰¹¹⁶¹²lifl⁸imu⁵
874 2342 1056 2432 ih00logut
1083 2341 1162 2409 dum
1192 2339 1352 2426 jactando
1379 2346 1504 2409 temere
1534 2343 1677 2411 diceret·

434 2455 517 2519 lously
603 2448 639 2513 in
653 2446 741 2513 scole
761 2468 822 2513 sua
843 2444 962 2537 pulum,
986 2467 1021 2511 se
1047 2443 1128 2511 scire
1150 2449 1257 2511 totam
1279 2444 1386 2533 legem
1408 2444 1514 2513 Jhesu
1535 2445 1676 2537 impr0··

434 2520 522 2640 ἓξὲξ
602 2549 712 2615 baudo
734 2548 1042 2637 reprobaremus
1057 2552 1109 2613 cst
1124 2546 1237 2613 subito
1260 2552 1374 2614 mutus
1396 2554 1430 2615 et
1450 2549 1531 2619 adeo
1546 2550 1677 2629 laicus,-

602 2656 641 2717 ut
664 2673 725 2717 nec
745 2648 976 2738 alphabetum¹
998 2650 1108 2737 legere
1130 2651 1236 2729 eoiret,
1257 2672 1317 2716 nec
1339 2651 1548 2719 Dominicam
1575 2653 1676 2719 Ora·-

602 2755 728 2821 tionem
749 2753 973 2841 pronunciare.
1019 2754 1201 2841 Episcopus
1224 2753 1455 2821 Duuelmensis
1476 2754 1676 2822 Nicholaus·

602 2856 692 2923 vidit
716 2857 823 2923 filium
853 2856 1000 2943 ejusdem
1027 2856 1173 2923 Simonis
1203 2856 1374 2923 docentem
1404 2862 1533 2944 patrem
1560 2880 1677 2923 suum·

602 2960 724 3037 literas,
746 2959 832 3027 sicut
866 2966 952 3027 esset
980 2982 1065 3047 puer
1090 2960 1259 3047 septennis
1288 2959 1476 3039 illiteratus,
1502 2961 1560 3047 qui
1586 2961 1677 3029 haee·

602 3062 686 3129 mihi
709 3065 780 3130 haec
809 3062 967 3129 scribenti
989 3084 1049 3149 pro
1071 3060 1158 3129 facto
1181 3060 1372 3129 enituerit.¹

435 3402 567 3469 making
633 3378 677 3447 Ut
698 3400 759 3447 ree
781 3385 811 3445 ct
833 3376 980 3477 repleto'
1003 3374 1046 3441 ia
1068 3374 1331 3443 Narniensium
1352 3376 1634 3463 caussatorem.

434 3472 577 3589 duddsqdieei
650 3526 826 3595 Celebrate
846 3526 951 3613 igitur
971 3526 1061 3613 apud
1085 3526 1293 3592 Portesmues
1307 3524 1553 3615 sollempnitate
1575 3522 1837 3603 Pon-Ruunt

435 3605 541 3739 Ἐξ.
604 3635 752 3706 ieoostea
767 3650 828 3694 rex
843 3650 918 3694 cum
936 3629 1051 3715 regina
1074 3650 1133 3693 sua
1153 3650 1255 3695 naves
1276 3628 1502 3708 ascenderunt,
1525 3636 1559 3695 et
1575 3631 1678 3718 peri..
1696 3606 1735 3643 ¹¹¹·
1752 3600 1811 3645 ¹⁶⁶·

435 3764 559 3828 mu,
604 3736 678 3801 cula
692 3733 789 3821 passi,
804 3732 940 3799 tandem
962 3732 999 3795 in
1014 3730 1222 3798 Normannin
1243 3732 1481 3823 applicuerunt.
1527 3734 1679 3801 Deinde·

435 3827 590 3961 'lffiffif
605 3840 842 3951 convenenmt·
862 3834 905 3899 ad
942 3833 1142 3952 colloquium
1156 3834 1373 3953 ⁸Francorum
1404 3839 1439 3900 et
1472 3836 1658 3957 Anglorum

436 3966 486 4015 and
496 3962 576 4015 John
602 3962 695 4029 reges
710 3959 810 4027 propo
832 3936 977 4001 insulam
993 3937 1174 4019 Andehacr,
1191 3942 1226 4004 et
1248 3939 1380 4025 paerflce
1399 3940 1556 4005 convenit
1571 3944 1660 4007 mter

436 4049 507 4099 J⁰h¹1
522 4060 584 4127 13⁰&
605 4066 667 4111 eos
713 4041 760 4108 Et
782 4044 857 4127 post
879 4039 1040 4118 triduum,
1072 4062 1132 4104 rex
1158 4040 1181 4106 J
1185 4041 1371 4129 [ohannes],
1395 4042 1438 4107 ad
1462 4043 1659 4131 petitionem

435 4117 564 4233 tsshffi,
604 4148 690 4235 regis
721 4145 933 4220 Francorum,
960 4142 1055 4208 venit
1082 4142 1237 4221 Parisius,
1261 4150 1296 4209 et
1326 4145 1449 4211 ibidem
1476 4145 1512 4210 in
1534 4146 1659 4233 palatio

435 4247 584 4328 ivm&
603 4250 691 4337 regis
712 4247 900 4334 hospitatus
923 4250 981 4321 est,
1004 4266 1080 4332 rege
1101 4268 1135 4310 se
1150 4246 1229 4310 alibi
1252 4247 1430 4335 recipiente
1447 4246 1658 4327 Francorum,

436 4316 582 4435 {afflet
605 4352 759 4419 videlieet
773 4351 810 4414 in
825 4348 940 4414 Veteri
955 4347 1100 4433 Temple.
1133 4348 1179 4413 Et
1198 4370 1272 4413 cum
1292 4348 1479 4428 honorilice,
1494 4354 1536 4414 ut
1548 4372 1659 4439 regem

605 4454 751 4535 decebat,
765 4452 975 4539 reciperetur,
997 4450 1192 4538 gaudebant
1213 4450 1313 4517 multi
1340 4452 1381 4517 de
1404 4472 1518 4539 regum
1540 4457 1680 4521 mutuo·

610 4646 804 4658 ————·-—
824 4644 1135 4652 -...—..—.-.-——.-....

639 4773 827 4843 'abbatem
844 4772 877 4827 111
893 4769 1109 4839 maxerata
1155 4769 1183 4819 in
1201 4784 1290 4835 marg„
1312 4772 1363 4821 and
1379 4770 1490 4828 inserted
1506 4771 1534 4825 iu
1552 4770 1661 4827 uetant

608 4864 665 4918 tun,
675 4856 722 4909 but
731 4868 797 4906 corr.
808 4854 837 4905 in
847 4868 929 4923 marg.
1156 4850 1187 4905 of
1199 4848 1229 4901 F.

638 4934 801 5001 ’Episcopus
809 4968 833 4985 ..
846 4932 1000 4999 mmm]
1013 4931 1108 4985 Added
1189 4930 1312 4997 ’replum
1328 4930 1392 4995 regi,
1402 4929 1460 4983 MS.
