4242 6159
594 978 659 1042 258
711 988 877 1039 aarum
900 989 1113 1039 assumtam
1135 987 1297 1040 nuscum
1318 987 1511 1040 mesonma

429 1177 498 1228 an.
512 1179 582 1227 raas.
593 1184 671 1230 suos
691 1187 760 1232 non
780 1163 984 1252 respiciebat.
1027 1164 1193 1232 Dicebant
1207 1162 1310 1230 etiam
1324 1163 1368 1228 ad
1384 1162 1535 1240 invicem,
1549 1163 1656 1250 quod.

593 1267 712 1333 diatim
731 1289 808 1334 suas
828 1273 963 1334 tantum
984 1267 1202 1353 possessiones
1224 1267 1442 1348 accumulans,
1465 1267 1613 1332 animum
1625 1263 1657 1331 ¹.

592 1370 678 1456 regis
703 1371 920 1458 exasperabat
945 1375 1061 1436 contra
1091 1369 1174 1450 illos,
1204 1373 1238 1434 et
1268 1371 1357 1456 quod
1387 1368 1540 1436 similiter
1569 1389 1655 1434 non.

592 1473 696 1557 aequis
716 1473 845 1559 legibus
866 1495 1004 1559 regnum
1025 1471 1242 1560 gubernabat,
1266 1479 1301 1537 et
1323 1494 1433 1560 regem
1454 1469 1546 1540 non²
1567 1491 1655 1536 ma.

591 1575 692 1655 ribus,
719 1582 759 1640 ut
788 1575 958 1662 expedivit
982 1581 1017 1641 et
1039 1575 1159 1652 decuit,
1181 1573 1383 1642 informavit.
1439 1573 1534 1654 Quod
1563 1572 1655 1638 hor-.

591 1677 729 1742 rendum
759 1677 826 1743 fuit
855 1699 916 1764 pro
945 1679 1032 1763 regis
1056 1676 1246 1762 juventute,
1276 1677 1363 1762 quia,
1397 1679 1485 1763 quod
1516 1685 1533 1712 “
1547 1697 1656 1742 nova.

591 1785 680 1845 testa
701 1781 801 1868 capit,
824 1780 1013 1845 inveterata
1034 1776 1197 1866 sapitl”³
1241 1779 1390 1844 Accessit
1413 1784 1572 1866 praeterea
1593 1777 1656 1842 ad.

590 1882 724 1968 majoris
761 1884 830 1948 cdii
866 1884 1073 1948 incentivum
1111 1881 1275 1947 adventus
1310 1882 1505 1947 nunciorum
1541 1879 1636 1967 regis,

590 2007 672 2070 quos
696 1986 836 2052 Romam
850 1985 992 2063 miserat,
1017 1987 1075 2072 qui
1096 1985 1223 2051 bullam
1247 1985 1374 2051 domini
1397 1981 1511 2072 papae⁴
1534 1982 1639 2050 archi·

591 2088 751 2176 episcopis
787 2089 919 2175 Angliae
951 2093 987 2154 et
1024 2109 1136 2154 eorum
1173 2087 1399 2174 suffraganeis,
1432 2109 1506 2172 quae
1535 2085 1637 2152 talam

590 2191 807 2256 continebant
828 2191 1035 2267 sententiam,
1051 2187 1267 2271 detulerunt,⁵
1281 2189 1445 2268 videlicet,
1469 2189 1558 2276 quod
1581 2190 1637 2255 do·

425 2297 557 2366 Thepope
591 2293 701 2359 minus
723 2314 809 2380 papa
829 2314 940 2379 regem
963 2292 1095 2379 Angliae
1117 2293 1223 2378 plcuae
1246 2293 1357 2359 aetatis
1379 2291 1637 2379 adjudicaverat,

423 2367 534 2418 deeras
590 2401 632 2461 ut
657 2397 699 2462 de
722 2401 830 2461 cetero
851 2396 987 2482 negotia
1007 2396 1103 2482 regni
1125 2395 1212 2460 idam
1231 2417 1290 2460 rex
1312 2395 1540 2482 principaliter
1562 2415 1636 2459 cum

423 2432 555 2562 {igepphpr
589 2519 723 2564 suorum
752 2497 1006 2564 domesticorum
1035 2497 1171 2563 consilio
1194 2497 1371 2564 ordinaret.
1426 2497 1635 2584 Significavit

423 2565 693 2688 {lllll'lletiam
724 2600 954 2666 executoribus
983 2600 1165 2688 praelibatis
1187 2599 1340 2666 dominus
1362 2622 1449 2688 papa
1470 2600 1507 2664 in
1528 2600 1635 2668 literis
1644 2621 1806 2689 sopwffld.

422 2699 488 2754 ‘¹⁰¹²
522 2650 541 2705 ⁸
590 2702 795 2792 supradictis,
811 2702 968 2789 quatinus
981 2704 1180 2769 auctoritate
1202 2704 1382 2790 apostolica
1397 2702 1634 2772 denunciarent
1678 2691 1714 2742 ¹⁷·
1727 2696 1766 2742 ⁸⁹·

589 2804 774 2884 comitibus,
804 2804 993 2884 baronibus,
1016 2806 1181 2870 militibus
1211 2812 1245 2874 et
1274 2806 1349 2871 aliis
1374 2805 1547 2884 universis,
1578 2808 1636 2892 qui

589 2908 758 2975 custodias
793 2907 960 2974 habebant
990 2914 1181 2986 castrorum,
1210 2908 1371 2975 honorum
1402 2915 1436 2974 et
1469 2909 1634 2988 villarum,

589 3035 663 3098 quaa
685 3011 728 3076 ad
750 3012 837 3097 regis
859 3011 1062 3076 dominicum
1086 3011 1288 3099 spectabant,
1310 3017 1350 3078 ut
1372 3013 1540 3090 continuo,
1554 3012 1636 3078 visis

587 3114 704 3196 literis,
726 3114 798 3201 regi
818 3114 893 3178 illas
914 3113 1112 3194 redderent;
1147 3115 1407 3180 contradictores
1441 3120 1553 3180 autem
1576 3137 1635 3202 per

587 3239 758 3283 censuram
781 3216 1033 3282 ecclesiasticam
1056 3216 1101 3281 ad
1123 3217 1380 3283 satisfactionem
1402 3216 1634 3304 compellenda

422 3323 538 3375 Someos
589 3319 688 3386 Unde
725 3341 802 3406 pars
838 3319 985 3384 maxima
1013 3320 1180 3397 uomitum,
1212 3341 1351 3405 quorum
1389 3321 1488 3388 corda
1519 3341 1635 3386 concu-

406 3391 561 3522 ,ffisspfflr’ssffl
586 3422 748 3510 piscantia
780 3421 903 3500 allexit,
930 3421 1121 3508 hujusmodi
1154 3429 1319 3510 praecepta
1352 3423 1490 3510 indigne
1518 3423 1634 3501 ferens,
1865 3443 1879 3540 <

419 3524 568 3602 spamam
586 3525 775 3610 bellumque
804 3525 960 3590 suscitare
990 3525 1177 3612 disponens,
1200 3526 1355 3593 convenit
1384 3527 1421 3590 in
1451 3547 1563 3608 unum,
1590 3531 1632 3605 et,

482 3629 490 3644 '
586 3628 828 3715 conspiratione
853 3628 950 3708 facta,
973 3629 1179 3715 supradictas
1194 3630 1376 3696 occasiones
1397 3628 1632 3717 praetendebat,

583 3737 624 3797 ut
645 3752 758 3818 pacem
779 3731 874 3818 regni
896 3731 1127 3817 perturbaret;
1161 3732 1248 3797 unde
1270 3733 1340 3820 regi
1361 3733 1527 3821 resignare
1549 3756 1649 3821 praa.

584 3835 675 3899 dicta
703 3855 781 3921 pars
808 3834 929 3915 renuit,
960 3855 1037 3920 pars
1072 3835 1266 3920 suprasedit,
1289 3857 1365 3923 para
1388 3835 1508 3902 obedit
1564 3834 1648 3902 Sed.

780 4139 830 4203 Dc
852 4159 947 4203 mucce
968 4144 1088 4204 sumtu
1108 4137 1206 4224 apud
1227 4137 1428 4206 Brorabolm.

415 4266 577 4324 Maereat
626 4265 727 4332 Anno
751 4285 882 4349 quoque
904 4261 966 4330 sub
990 4263 1105 4328 eodem
1122 4261 1212 4350 apud
1227 4263 1418 4330 Bromholm
1432 4263 1629 4334 crebuerunt
1638 4275 1805 4356 sopwend.

415 4334 532 4452 ἓξὲξ
582 4369 699 4434 divina
730 4366 896 4447 miracula,
929 4366 973 4430 ad
1011 4367 1147 4453 gloriam
1188 4371 1223 4433 et
1251 4367 1409 4433 honorem
1444 4367 1627 4436 Dominicae
1675 4357 1710 4395 ¹⁷·
1723 4351 1767 4399 ⁸⁹·

415 4467 570 4522 Br⁰¹¹²h0¹¹²
582 4471 746 4537 Passionis
768 4474 803 4535 et
825 4491 913 4536 verae
935 4469 1048 4536 crucis
1093 4470 1145 4534 De
1169 4468 1263 4554 cujus
1288 4471 1391 4536 cruam
1417 4471 1571 4538 allatione
1594 4477 1645 4538 et·

583 4608 771 4616 ....--.-.-——-
1103 4605 1210 4612 --—-
1526 4608 1620 4614 —--—.

613 4692 753 4758 ¹aaimam]
772 4689 949 4754 manns.
1161 4689 1274 4757 Ιραριε]
1292 4690 1320 4742 Δ
1336 4693 1406 4744 word
1423 4692 1470 4744 baa
1488 4694 1552 4744 been
1568 4693 1627 4744 here

612 4771 859 4837 ²aon]1nterlined,
1127 4769 1208 4820 added
1231 4770 1260 4820 ln
1289 4783 1378 4837 marg,
1406 4773 1453 4824 but
1481 4771 1627 4826 munds

614 4851 758 4902 'Fonnded
774 4865 809 4901 cu
827 4850 915 4902 Horat
938 4849 1051 4914 salia.
1064 4848 1081 4899 i.
1127 4851 1222 4903 erased.

580 4917 609 4982 ii.
622 4936 661 4981 sa.
1159 4927 1328 4998 1ιὶιιιιῑινιοιι]
1347 4931 1440 4986 Added
1450 4932 1478 4984 in
1488 4947 1567 5000 marg.
