4242 6159
658 1074 706 1126 nr
728 1074 1013 1125 neumanensis
1036 1074 1191 1135 senemr,
1214 1073 1282 1123 vrz.
1305 1073 1430 1123 rnern.
1500 1058 1567 1123 409

560 1314 700 1382 Tartari
721 1314 914 1381 ammineum
937 1313 1155 1381 tirannidem
1178 1320 1261 1380 tuuc
1284 1321 1512 1381 coercuerunt.
1581 1320 1739 1371 etv-12³8.

559 1450 686 1516 Diebus
717 1450 779 1516 sub
813 1451 861 1515 ais
893 1456 1059 1516 venerunt
1088 1448 1342 1517 sarracenorum
1372 1450 1475 1536 legati
1505 1450 1567 1516 sol·
1581 1462 1742 1527 'rheprineee

513 1553 668 1640 lempna,
692 1552 853 1619 estinan
883 1554 927 1619 ab
958 1552 1170 1618 mesanum
1192 1552 1401 1638 primatibus,
1424 1530 1733 1617 ,ommonem

515 1662 549 1721 et
574 1655 825 1721 admirabilibus
851 1655 894 1720 ad
918 1677 1011 1744 reges
1034 1655 1237 1721 Francorum
1260 1661 1294 1721 et
1315 1655 1510 1741 Anglorum,
1534 1660 1735 1719 etFraneeann

514 1759 595 1825 alios
621 1763 792 1845 magnates
818 1756 1034 1823 occidentales
1067 1756 1281 1835 Christianos,
1313 1758 1568 1844 praemunientes
1579 1731 1707 1847 ssssffind’

516 1882 570 1926 eos
592 1861 634 1926 de
654 1861 858 1939 exterminio,
883 1862 972 1947 quod
993 1866 1212 1927 exercuerunt
1231 1860 1405 1925 inhumani
1428 1860 1568 1939 Tartari,
1582 1864 1682 1951 pgainst
1697 1863 1740 1913 the

515 1969 764 2052 prorumpentes
786 1964 827 2029 de
842 1962 1007 2029 Tartareis
1029 1963 1161 2029 sedibus
1184 1963 1252 2028 suis
1274 1962 1405 2027 nativis.
1452 1964 1569 2028 Postu·
1586 1931 1693 1981 larum.

516 2067 629 2133 larunt
666 2066 767 2132 etiam
802 2066 995 2153 suppliciter
1029 2065 1229 2132 Christianis
1265 2064 1489 2145 confoederari,
1523 2068 1571 2143 nt,

516 2170 645 2235 collatis
665 2169 800 2246 viribus,
831 2168 970 2255 injurias
1003 2168 1192 2235 eorumdem
1219 2168 1433 2233 Tartarorum
1456 2172 1572 2255 poten-

517 2273 585 2338 tius
606 2272 843 2359 propulsarent

1580 1598 1642 1647 send
1653 1607 1679 1647 to

570 2494 688 2562 Rediit
711 2495 834 2563 Simon
856 2494 896 2561 dc
918 2493 1137 2582 Mortis-forti
1159 2496 1201 2562 de
1223 2496 1326 2565 curio
1348 2498 1516 2564 Romano.

562 2631 736 2697 Paridem
769 2633 901 2716 tempus
930 2630 1031 2694 rediit
1058 2630 1210 2720 S[imon]
1236 2632 1276 2697 de
1300 2632 1507 2699 Monte-lorti
1530 2632 1571 2698 de
1584 2644 1671 2697 Simon
1684 2647 1714 2695 de

518 2733 609 2799 curia
642 2733 801 2811 Romana,
840 2736 976 2818 optento
1009 2732 1169 2798 desiderio
1201 2755 1260 2797 suo
1298 2735 1338 2799 de
1373 2757 1476 2800 uxore
1511 2713 1709 2830 suafffi's‘

517 2836 608 2901 licite
637 2835 819 2901 retinenda.
875 2833 1047 2919 Jussitqne
1080 2834 1232 2899 omnibus
1267 2835 1472 2901 debitoribus
1502 2838 1570 2902 suis
1584 2847 1742 2897 fromnome.

518 2937 637 3013 omnia,
662 2959 735 3023 qnae
760 2935 965 3001 abstulerant
987 2936 1132 3000 ministri
1156 2936 1227 3022 ejus
1245 2958 1265 2999 a
1284 2937 1387 3023 plebe,
1415 2938 1477 3003 sub
1499 2960 1570 3026 spe·

518 3042 566 3108 cie
586 3041 739 3128 justitiae,
761 3038 894 3105 restitui
919 3044 954 3105 et
975 3040 1016 3104 de
1037 3037 1161 3125 injuria
1182 3038 1354 3105 satisfieri.¹

663 3244 714 3310 Dc
736 3248 842 3309 morte
864 3241 1013 3329 episcopi
1040 3239 1287 3307 Wintooiense's
1309 3240 1428 3309 Petri.2

561 3379 662 3445 Anno
689 3401 818 3465 quoque
847 3379 910 3444 sub
937 3379 1061 3458 eodem,
1086 3392 1132 3443 νῦ.
1157 3378 1232 3444 idus
1258 3377 1282 3443 J
1284 3379 1363 3457 unii,
1392 3379 1476 3444 obiit
1503 3381 1570 3465 epi·
1585 3394 1709 3447 nachor

517 3504 633 3569 scopus
665 3481 914 3561 Wintoniensis,
949 3481 1068 3545 Petrus
1107 3482 1148 3545 de
1181 3466 1337 3567 Rupibus
1399 3481 1465 3561 Qui
1495 3503 1570 3547 cum
1582 3462 1744 3583 fiiffl„

518 3586 684 3652 ecclesiam
710 3583 974 3649 wintoniensem
1006 3583 1136 3649 circiter
1158 3582 1277 3651 xxxii.
1310 3583 1406 3649 annis
1435 3590 1570 3650 strenue
1582 3602 1628 3648 ter.

517 3688 664 3767 rexisset,
688 3691 722 3753 et
745 3685 957 3753 laudabiliter
976 3686 1274 3773 peregrinationem
1301 3707 1394 3751 suam
1419 3686 1456 3751 in
1470 3685 1689 3751 rennerunt

520 3790 643 3858 Sancte
668 3812 737 3856 nna
758 3811 834 3855 oum
859 3788 1040 3855 Exoniensi
1064 3790 1214 3877 episcopo
1233 3788 1418 3877 peregisset,
1443 3788 1571 3855 domos-

518 3915 581 3980 que
604 3892 763 3981 plurimas
777 3892 1006 3979 religiosorum
1026 3891 1200 3979 magnifice
1221 3892 1467 3972 construxisset,
1482 3892 1573 3978 apud

518 3995 708 4074 Femham,⁸
736 3994 923 4060 manerium
944 4014 1051 4083 supm,
1077 3994 1194 4080 plenus
1210 3994 1347 4072 dierum,
1363 3992 1450 4059 facto
1466 3994 1573 4059 nobili

518 4103 727 4176 testamento,
742 4098 829 4162 diem
844 4096 963 4162 clausit
978 4101 1173 4161 extremum.
1222 4095 1377 4183 Sepultus
1392 4102 1443 4161 est
1459 4102 1571 4162 autem
1584 4113 1714 4179 Religioni

518 4201 555 4265 in
586 4201 720 4266 ecclesia
749 4222 810 4266 sua
839 4198 1074 4279 Wintoniensi,
1101 4198 1161 4263 ubi
1187 4198 1297 4280 etiam,
1324 4198 1404 4264 dum
1431 4199 1570 4280 viveret,
1584 4180 1693 4298 {Juffigd
1708 4266 1737 4299 or

518 4301 676 4368 humilem
700 4302 801 4389 elegit
823 4301 1035 4389 sepulturam.
1081 4301 1148 4366 Hic
1168 4301 1269 4366 etiam
1294 4301 1445 4387 quaedam
1468 4301 1745 4391 arduaenoowenby

519 4425 698 4491 aggressus,
723 4426 762 4469 ea
787 4403 930 4492 gratiose
957 4402 1208 4469 consummavit.
1254 4403 1372 4469 Pacem
1396 4404 1485 4469 inter
1513 4380 1644 4491 pa-hm'·

518 4529 596 4596 pam
622 4510 658 4572 et
686 4506 916 4593 imperatorem
944 4506 1107 4572 mediator
1134 4503 1334 4571 reformavit.
1391 4506 1570 4573 Domorum

520 4610 629 4687 etiam,
654 4614 694 4674 nt
722 4611 919 4695 praetactum
952 4615 1012 4686 est,
1042 4606 1278 4695 religiosorum,
1311 4630 1393 4694 quas
1424 4608 1574 4676 condidit
1666 4662 1667 4666 ,

520 4717 556 4780 et
587 4711 737 4777 conditas
765 4710 1030 4799 possessionibus,
1062 4708 1210 4776 aedificiis
1246 4714 1281 4775 et
1311 4710 1495 4777 redditibus
1524 4712 1574 4776 in-

553 4933 561 4963 ι
579 4930 710 4997 Μῑςψ,
733 4967 780 4984 ...
797 4930 931 4997 ψήφῳ]
945 4930 987 4985 On
997 4946 1031 4981 an
1110 4931 1120 4961 ²
1135 4928 1165 4978 In
1175 4928 1322 4995 themergin
1334 4946 1376 4981 are
1385 4932 1472 4981 drawn
1481 4934 1577 4986 amitre

520 5026 622 5063 „mm-0
1074 5010 1125 5060 und
1135 5010 1236 5071 crosier,
1247 5011 1370 5061 reversed.

1102 5091 1112 5120 ⁸
1128 5088 1269 5159 Fatalem]
1288 5092 1476 5156 narremus.
