4242 6159
569 999 633 1064 218
694 1007 860 1060 usurum
884 1007 1097 1061 runismuers
1121 1009 1287 1062 ursromu
1307 1011 1508 1063 nrououuu

398 1194 553 1248 A.D.121⁷.
566 1187 784 1252 municentur.
830 1186 896 1266 Qui
918 1209 979 1252 nos
1001 1187 1103 1276 coepit
1120 1187 1239 1274 juvare
1262 1187 1362 1268 Deus,
1389 1211 1458 1255 non
1480 1188 1639 1255 derelin-.

567 1296 654 1376 quet.
701 1289 922 1376 Accingimini
943 1290 1056 1377 igitur,
1079 1295 1115 1358 et
1144 1292 1320 1377 sequimini
1351 1315 1404 1358 me
1435 1292 1640 1380 prmecden„

568 1397 636 1458 tem
659 1415 770 1460 omnes
792 1392 879 1480 regis
913 1398 947 1458 et
977 1395 1072 1480 regni
1103 1394 1217 1460 fideles
1232 1394 1268 1460 !”
1313 1395 1378 1462 Oui
1400 1396 1639 1472 Meresenllus,.

568 1502 587 1531 “
602 1496 681 1561 Non
703 1517 776 1560 sum
798 1494 893 1561 miles
919 1497 1028 1574 meris,
1051 1497 1109 1562 sed
1132 1495 1255 1564 terrae.’'
1300 1496 1463 1563 Similiter
1485 1496 1638 1565 comites.

567 1603 602 1663 et
632 1597 771 1664 barones
804 1602 839 1664 et
873 1597 1042 1686 episcopus
1076 1597 1316 1666 Wintoniensis
1349 1599 1512 1682 dicebant,
1545 1624 1637 1667 oum·

566 1699 820 1788 eliis,‘quoniem
844 1723 910 1766 non
932 1698 1118 1788 piscatores,
1134 1700 1218 1768 n0n¹
1244 1701 1362 1789 piretae
1384 1709 1489 1785 erent,
1505 1711 1523 1739 “
1535 1727 1637 1769 nun-.

566 1825 664 1890 quem
686 1801 844 1890 procellas
866 1807 925 1868 eut
948 1801 1072 1868 bellum
1101 1804 1221 1870 nevelo
1252 1803 1487 1894 experiemur.’'
1543 1803 1638 1872 Hu-.

564 1905 678 1972 bertus
699 1905 805 1993 igitur
827 1903 941 1971 dolens
963 1905 1004 1970 de
1025 1903 1273 1973 formidolorum
1295 1908 1465 1996 responsis,
1481 1907 1636 1975 divertit.

564 2029 680 2097 pnrum
706 2031 726 2073 a
751 2007 831 2088 loeo,
858 2013 893 2073 et
915 2009 951 2073 in
973 2015 1097 2076 secreto
1124 2009 1302 2076 advocavit
1324 2010 1457 2091 Lucem,
1481 2010 1637 2099 capelle.

564 2135 645 2177 num
667 2116 703 2178 et
725 2110 940 2178 confessorem
962 2131 1079 2192 suum;
1117 2117 1151 2178 et
1174 2112 1339 2180 confessus
1356 2115 1461 2202 plene,
1476 2114 1634 2202 acceptisss

565 2213 747 2302 disciplinis
768 2235 873 2300 usque
899 2213 943 2278 ed
964 2214 1228 2280 cruentationem
1251 2221 1286 2282 et
1307 2215 1454 2295 livorem,
1476 2239 1544 2283 sese
1567 2241 1636 2282 sn-.

564 2317 666 2382 luteri
681 2315 802 2382 viatico
825 2315 1047 2404 praemunivit.
1087 2316 1133 2382 Et
1154 2324 1269 2405 postea
1293 2320 1433 2386 induens
1448 2319 1636 2386 audacium.

564 2419 737 2496 leoninam,
754 2419 833 2485 fecit
855 2419 1009 2484 advocari
1032 2419 1171 2507 majores
1194 2421 1236 2488 de
1257 2429 1372 2500 cestro,
1391 2423 1511 2508 quibus
1532 2421 1637 2488 illud.

397 2537 552 2604 {Nomde-
565 2521 817 2588 custodiendum
849 2523 1066 2603 commiserat,
1090 2529 1125 2588 et
1155 2525 1204 2589 eit
1230 2525 1306 2602 illis,
1338 2533 1355 2560 “
1369 2525 1530 2592 Obteetor
1558 2549 1635 2612 per.

397 2613 535 2724 mle
565 2625 758 2713 sanguinem
772 2625 796 2690 J
797 2624 879 2690 hesu
894 2623 1029 2706 Christi,
1054 2630 1094 2690 ut
1115 2627 1145 2692 si
1166 2627 1251 2692 forte
1273 2627 1392 2714 cepiur,
1413 2629 1635 2721 permittetis

565 2750 617 2793 me
650 2727 805 2814 suspendi
837 2732 871 2793 et
905 2728 995 2792 omni
1025 2749 1145 2814 genere
1172 2729 1289 2794 mortis
1311 2729 1406 2812 effici,
1429 2736 1635 2817 antequem„

564 2831 665 2896 etiem
696 2852 749 2896 me
781 2831 990 2907 acclamante,
1027 2831 1210 2908 ‘Miserere
1233 2833 1386 2897 miserere
1418 2833 1484 2897 mei
1499 2833 1521 2897 i'
1547 2856 1634 2898 ces.

564 2939 655 3002 trum
676 2933 738 3000 hoc
760 2933 859 2998 alicui
882 2932 1010 2999 Franco
1033 2933 1187 3000 reddetis
1235 2933 1348 3000 Oluvis
1372 2936 1460 3001 enim
1483 2935 1636 3024 Angliaea

563 3043 614 3104 est
636 3042 670 3103 et
692 3035 910 3126 repagulum?
957 3035 1026 3123 Ipsi
1051 3042 1163 3102 autem
1186 3036 1312 3116 flentes,
1332 3037 1397 3103 fide
1419 3037 1634 3126 interposite.

562 3161 600 3206 ec
631 3140 781 3228 praestito
802 3139 1003 3227 juramento,
1032 3138 1095 3204 hoe
1128 3138 1192 3225 ipsi
1225 3139 1283 3204 sed
1305 3139 1366 3205 vix
1396 3146 1509 3206 temen
1540 3163 1634 3208 con.

562 3248 738 3310 cesserunt.

742 3477 833 3544 Noto
855 3475 979 3544 heloim
1000 3477 1124 3544 cavate
1147 3474 1434 3544 eeueotieslmoou

395 3652 494 3703 Hubert
607 3633 759 3720 Acceptis
790 3631 897 3719 igitur
920 3630 1103 3718 praeelectis
1125 3651 1234 3696 secum
1264 3631 1436 3709 militibus,
1461 3631 1634 3698 videlicet.

394 3721 517 3838 m}
564 3735 710 3802 Henrieo
731 3735 771 3800 de
793 3733 997 3800 Trublevilln
1018 3737 1053 3799 et
1077 3732 1219 3798 Ricardo
1243 3733 1358 3812 Sunrd,
1382 3755 1456 3799 cum
1479 3734 1633 3820 quibus.

394 3853 442 3903 nail
457 3861 484 3903 to
563 3840 640 3905 dnm
662 3837 736 3903 aliis
760 3837 882 3924 paucis,
898 3857 1038 3922 quorum
1053 3837 1181 3902 animos
1202 3836 1302 3901 novit
1324 3840 1359 3901 et
1380 3839 1630 3916 constentiam„

393 3927 547 4053 ffllffi'y
561 3942 598 4007 in
621 3940 782 4028 optimum
803 3939 945 4005 nevem²
968 3939 1111 4020 intrans,
1132 3939 1182 4004 eit
1196 3960 1294 4026 super
1308 3938 1388 4004 litus
1409 3940 1633 4028 expectanti.

561 4046 623 4111 bue
645 4041 865 4130 magnetibus,
889 4041 953 4106 “Si
970 4041 1080 4107 hostes
1102 4041 1143 4106 de
1165 4041 1263 4106 nobis
1277 4063 1376 4128 super
1389 4064 1480 4107 mere
1494 4042 1632 4110 trium.

560 4146 745 4236 pheverint,
762 4143 904 4230 excipite
927 4164 981 4210 eos
1003 4143 1040 4208 in
1063 4166 1119 4210 ore
1139 4143 1243 4231 gladii
1257 4165 1356 4230 super
1369 4145 1495 4210 aridem
1509 4145 1632 4232 appii.

561 4255 673 4317 cantes
695 4249 770 4327 cito,
797 4248 877 4312 dum
904 4245 1091 4334 fatigentur
1112 4251 1147 4312 et
1170 4251 1347 4333 antequem
1369 4248 1489 4313 armati
1514 4271 1631 4334 equos.

560 4357 681 4422 stratos
712 4351 901 4430 ascendent,
925 4354 965 4415 ut
995 4371 1055 4414 nee
1082 4370 1169 4414 unus
1197 4371 1312 4415 eorum
1344 4349 1490 4417 eus-det.³
1545 4350 1630 4416 Vos.

560 4463 673 4524 eutem
686 4458 848 4534 nostrum,
859 4453 983 4520 scilieet
997 4452 1139 4518 fratrum
1154 4457 1350 4532 vestrorum,
1361 4454 1554 4540 mnguinem
1571 4454 1631 4520 de.

595 4725 679 4790 ¹m]
698 4737 753 4783 nee,
765 4723 795 4773 E.
1108 4721 1172 4769 been
1197 4719 1288 4782 added,
1317 4723 1367 4770 eud
1394 4736 1447 4772 uns
1474 4721 1612 4788 originally

595 4801 714 4866 2ιιιιυειιι]
733 4801 861 4864 Repented
877 4800 912 4864 by
928 4813 1006 4863 error,
1021 4799 1067 4850 but
1108 4797 1207 4849 vrittm
1217 4815 1250 4849 ou
1261 4799 1304 4850 the
1321 4807 1385 4852 next
1400 4799 1460 4864 line,
1472 4800 1518 4851 but
1534 4801 1610 4854 ulter·

562 4881 727 4934 underseored
739 4876 919 4931 loromission.
1108 4879 1296 4930 vmdsoeueed.

595 4955 718 5024 'evadut]
745 4957 801 5008 'l'he
820 4958 869 5008 leet
892 4957 997 5022 syllable
1019 4956 1066 5007 hes
