4242 6159
650 1080 698 1130 nu
720 1081 880 1131 rnneonu
903 1082 1005 1133 nucis
1027 1082 1183 1150 novumn,
1205 1084 1272 1135 vm.
1295 1084 1418 1137 nunni.
1488 1072 1550 1137 365

502 1248 913 1344 spoliisimpreticbilibus
934 1263 970 1324 et
991 1260 1158 1337 armentis,
1182 1265 1217 1325 et
1239 1260 1363 1327 honore
1385 1262 1554 1349 triumphi,
1567 1271 1636 1327 an.
1651 1278 1722 1329 rese.

481 1361 561 1447 .qui
583 1360 688 1448 pluris
710 1366 791 1439 erat,
813 1362 849 1427 in
872 1384 932 1429 suu
954 1384 989 1428 se
1003 1364 1128 1449 recepit
1142 1364 1322 1451 municipia
1336 1365 1555 1435 laetubundus.

498 1630 502 1637 ·
606 1609 655 1677 De
680 1610 952 1699 equitationibus
967 1612 1209 1700 frequentibus
1229 1612 1437 1681 Morescolli.
1543 1660 1548 1673 ι

481 1734 503 1821 ,’
547 1750 780 1837 Equitationes
810 1771 889 1816 vero
919 1755 954 1815 et
982 1751 1103 1839 proelia
1132 1751 1200 1817 fere
1231 1751 1688 1837 cotidiana,ve1ad1u‚eiuent

479 1852 610 1950 ..minus
631 1853 780 1939 qualibet
800 1854 984 1941 septimana
1006 1853 1057 1921 bis
1080 1854 1132 1921 vel
1157 1859 1217 1935 ter,
1241 1877 1315 1941 quas
1336 1856 1390 1921 vir
1411 1856 1550 1921 martius
1563 1827 1722 1957 ffiffssffi

481 1956 719 2035 ,Marescallus
735 1962 857 2021 natura
871 1962 906 2022 et
928 1956 1106 2023 exercitio¹
1132 1958 1357 2044 triumphator
1378 1958 1551 2025 bellicosus
1564 1958 1712 2012 utareschar.

480 2041 713 2133 ,laudabiliter
746 2058 918 2140 exercuit,⁹
940 2082 1000 2126 nec
1033 2060 1109 2125 volo
1132 2083 1192 2127 nec
1221 2061 1314 2127 vulco
1345 2067 1479 2149 propter
1501 2063 1552 2127 eui

480 2161 749 2233 ,multitudinem
783 2162 860 2229 huic
894 2163 1025 2250 paginae
1048 2162 1320 2245 commendare³3
1353 2165 1410 2230 sed
1439 2188 1554 2231 secun-

479 2257 581 2336 ,dum
603 2264 847 2331 volubilitatem
877 2270 961 2331 rotae
990 2266 1169 2332 fortunalis
1193 2288 1281 2333 nunc
1310 2266 1359 2333 hii
1383 2289 1473 2333 nunc
1496 2269 1554 2335 alii

491 2367 640 2461 [nartem
665 2368 847 2459 propitium
869 2368 1078 2440 sentiebant.⁴

499 2609 596 2677 Dum
616 2608 683 2677 boeo
705 2615 902 2697 coornatur,
926 2608 1061 2677 salubre
1077 2610 1156 2697 suit
1179 2609 1365 2678 consitium
1386 2612 1553 2700 episcopo·

587 2734 678 2793 rum,
702 2720 733 2780 et
753 2712 904 2781 moninio
927 2720 1043 2780 tenua
1066 2712 1158 2781 electi
1182 2712 1446 2783 Ouutuurieucio
1468 2714 1551 2783 AEd·

587 2815 725 2884 muudi.

320 2977 486 3031 nuent..
545 2966 628 3034 Cum
663 2968 735 3034 haec
768 2972 881 3034 autem
915 2966 952 3032 in
985 2964 1138 3054 partibus
1170 2964 1301 3032 Wallioe
1336 2968 1548 3034 conterminis
1561 2982 1714 3037 Psiliament

341 3047 381 3096 iv.
393 3050 450 3097 ²⁹⁴·
499 3075 684 3159 agerentur,
707 3093 768 3136 rex
793 3070 890 3136 venit
912 3070 956 3134 ad
979 3068 1180 3155 colloquium
1204 3070 1293 3156 apud
1319 3050 1711 3169 Westmonas-ssffiin&

233 3207 234 3212 κ
320 3186 485 3265 linewert.
499 3175 619 3240 terium
642 3174 678 3237 in
695 3173 928 3239 Purificatione
951 3173 1059 3239 beatae
1074 3173 1197 3238 Marius.
1245 3172 1288 3237 In
1305 3193 1370 3258 quo
1388 3174 1546 3259 quosdam
1559 3190 1606 3237 ter.

353 3268 389 3305 Π·
403 3260 460 3306 ²⁹⁵·
498 3278 673 3365 episcopos,
696 3282 732 3343 et
755 3276 898 3343 maxime
928 3276 1167 3355 Alexandrum,
1196 3274 1402 3341 Oestrensem
1425 3276 1548 3364 episco-
1594 3274 1681 3326 Heb-

497 3402 586 3468 pum,
601 3380 750 3466 graviter
772 3379 957 3467 increpavit
980 3379 1020 3443 de
1041 3378 1145 3443 nimia
1167 3376 1394 3443 familiaritate
1416 3379 1546 3444 comitis
1558 3364 1711 3486 fffflflffie

475 3481 690 3548 .Marescclli.
718 3482 919 3569 *Episcopus
949 3502 1029 3547 vero
1052 3480 1277 3559 contristatus,
1316 3481 1420 3546 sciens
1457 3480 1545 3566 quod
1558 3499 1719 3563 huntehei-

477 3583 581 3650 ·tulia
602 3584 707 3650 verba
728 3583 772 3648 ab
802 3584 953 3671 episcopo
982 3584 1209 3649 Wintoniensi
1240 3582 1418 3649 sumebant
1452 3568 1700 3700 0X⁰r·i{{11s3{0¹}i⁸

477 3687 599 3768 -dium,
622 3685 786 3752 indutus⁵
815 3685 1060 3774 pontificalibus
1084 3685 1385 3751 excommunicavit
1407 3686 1545 3752 inconti-
1558 3699 1675 3751 wirbine

478 3791 592 3856 menti
614 3810 736 3870 omnes,
767 3789 824 3875 qui
855 3793 970 3856 contra
999 3810 1110 3875 regem
1141 3794 1175 3854 et
1204 3809 1343 3875 regnum
1374 3789 1545 3877 perturba·
1558 3768 1719 3886 {inlitam-

477 3895 622 3960 ‚tionem
638 3892 868 3970 moliebantur,
885 3895 946 3956 sut
959 3891 1111 3957 hostibus
1125 3891 1211 3978 regis
1226 3890 1373 3957 savorem
1388 3898 1548 3978 praestant

478 4004 557 4063 .aut
583 3996 767 4076 consilium,
790 3995 845 4061 vel
865 3995 923 4082 qui
946 4015 1044 4081 super
1066 3994 1243 4081 episcopos,
1268 3995 1326 4080 qui
1350 3994 1484 4060 omnino
1507 3995 1548 4062 de

477 4100 603 4165 ‚salute
632 4104 667 4164 et
695 4098 820 4163 honore
850 4096 938 4184 regis
968 4096 1241 4178 sollicitabantur,
1273 4096 1436 4163 malitiose
1466 4098 1548 4165 teliu

477 4201 721 4288 .imponebant.
766 4198 876 4266 affuit
909 4199 1042 4287 quidem
1079 4199 1158 4265 huie
1191 4198 1353 4285 colloquio
1389 4202 1546 4288 magister
1559 4210 1683 4279 Thapis

498 4303 702 4382 Edmundus,
719 4302 971 4369 Cantuariensis
992 4301 1124 4379 electus,
1144 4323 1217 4366 cum
1240 4300 1354 4366 multis
1376 4301 1543 4390 episcopis,
1558 4280 1715 4400 hffiffie

486 4408 554 4495 ·qui
580 4429 693 4473 omnes
722 4426 789 4471 non
820 4406 1029 4471 mediocriter
1056 4405 1145 4492 regis
1167 4410 1202 4469 et
1231 4405 1324 4491 regni
1348 4405 1544 4473 desolationi
1557 4422 1671 4466 eounoeu

498 4510 719 4589 condolentes,
757 4513 922 4574 venerunt
959 4507 1003 4572 ad
1033 4528 1152 4595 regern,
1186 4510 1221 4573 et
1258 4506 1354 4593 quasi
1387 4528 1455 4571 uno
1487 4530 1543 4575 ore
1556 4478 1714 4615 {fluoffiny

530 4787 537 4817 ¹
556 4784 685 4851 exercitio]
699 4781 814 4846 excerso,
828 4784 886 4834 MS.
1073 4782 1082 4811 ⁴
1099 4778 1142 4829 scil
1156 4814 1260 4831 ......
1280 4776 1429 4846 sentiebant]
1458 4779 1498 4833 On
1511 4797 1544 4833 an

1040 4875 1149 4911 erasure.

530 4904 683 4970 '‘tm'‘f‘]
702 4902 841 4964 “mulir
852 4901 910 4951 Ms'
1075 4937 1209 5004 ‘indutuq
1223 4938 1261 4988 At
1272 4938 1325 4990 first
1337 4937 1435 4990 written
1445 4939 1545 4993 indutas

529 5028 540 5059 ⁸
558 5018 734 5089 mutiendum]
747 5020 905 5082 comendare,
915 5018 972 5069 MS.
1042 5026 1085 5079 est,
1096 5018 1141 5071 but
1152 5025 1187 5068 eet
1199 5020 1292 5071 erasm.
