4242 6159
572 1047 637 1115 360
702 1060 866 1112 MA'l'l’IIAEI
888 1058 1101 1111 ansmnsls
1123 1056 1287 1109 HISTORIA
1310 1055 1524 1107 lucrosum

625 1339 802 1406 Haterius
823 1344 989 1405 retractus
1011 1337 1054 1404 eb
1078 1334 1214 1403 ewlcsic
1237 1334 1366 1403 durius
1388 1356 1429 1401 ac
1451 1332 1569 1401 dirius

974 1442 1220 1507 incarceratur.

409 1584 562 1637 A1D·¹23³·
620 1578 865 1665 Evigilnntibus
898 1576 1027 1643 interea
1058 1574 1255 1653 castellanis,
1277 1594 1352 1639 cum
1375 1572 1566 1638 Hubertum
1588 1570 1624 1634 in
1636 1584 1802 1667 leegwend.

407 1678 539 1793 {liuberti-
574 1684 645 1749 loco
667 1687 822 1747 consueto
844 1680 997 1745 custodes
1018 1701 1086 1745 non
1110 1684 1315 1765 repererunt,
1332 1675 1519 1764 perturbati
1546 1678 1626 1739 sunt
1663 1670 1699 1704 ¹'·
1713 1656 1770 1703 ²⁷⁴·

405 1748 524 1862 stiffi
576 1786 679 1851 valde.
726 1785 771 1849 Et
794 1789 990 1849 catervatim
1024 1788 1183 1847 exeuntes
1215 1780 1256 1846 de
1278 1791 1395 1857 castre,
1418 1800 1494 1844 cum
1517 1778 1625 1864 ipsum

407 1880 611 1957 ⁰¹¹¹¹32l⁸¹¹lin
634 1912 673 1954 eo
695 1910 763 1951 non
784 1886 985 1962 invenirent,
1007 1907 1082 1949 eum
1115 1882 1251 1949 laternis
1281 1888 1316 1947 et
1349 1880 1495 1947 fustibus
1517 1878 1641 1947 omnia.

405 1960 539 2075 liiffnili'
573 1990 753 2077 quaerendo
783 1988 1039 2076 perlustrabant,
1065 1987 1168 2052 donec
1191 2008 1211 2051 a
1234 1984 1452 2051 referentibus
1474 1982 1641 2047 audirent.

571 2093 767 2157 Hubertum
782 2092 819 2154 in
840 2090 976 2156 ecclesia
990 2089 1090 2155 inisse
1105 2087 1317 2175 compedibus
1331 2086 1516 2152 liberatum.
1555 2084 1641 2163 Quo.

573 2218 649 2261 cum
671 2194 820 2260 tumultu
834 2192 957 2279 raptim
981 2197 1221 2267 concurrentes,
1236 2188 1437 2255 invenerunt
1453 2210 1527 2253 eum
1550 2192 1641 2261 ante,

573 2298 687 2373 altare,
702 2318 831 2361 crucem
853 2295 1006 2360 manibus
1029 2300 1204 2359 tenentem
1226 2316 1264 2359 se
1287 2292 1534 2359 deosculantem
1556 2290 1647 2355 vul-.

575 2422 655 2465 nera
671 2398 842 2477 Crucifixi,
856 2396 1115 2483 praecordialiter
1130 2418 1202 2462 curn
1227 2396 1370 2461 lacrimis
1393 2390 1562 2461 orantem¹
1587 2392 1647 2458 de.

574 2508 627 2566 tot
648 2498 962 2574 tribulationibuaa
976 2499 1047 2564 Deo
1070 2500 1234 2586 percipere
1257 2498 1519 2564 consolationem.
1564 2495 1648 2560 Re..

574 2604 665 2691 galee
686 2610 799 2667 autem
830 2602 1019 2667 frendentes
1050 2602 1087 2667 in
1120 2622 1205 2680 eum,
1228 2602 1385 2668 atrociter
1414 2622 1490 2667 eum
1512 2598 1646 2685 arripi-2
1664 2605 1801 2687 ltwend.
1880 2624 1888 2661 i

575 2712 668 2771 entes
690 2710 726 2771 et
758 2706 903 2770 fustibus
936 2728 1022 2785 eum,
1046 2728 1121 2771 cum
1158 2705 1227 2769 suis
1259 2704 1428 2783 ministris,
1450 2726 1488 2769 sc
1510 2701 1647 2789 pugnis.
1673 2680 1782 2727 “²⁷⁵¹

574 2809 674 2895 impie
698 2808 864 2875 caedentes
887 2813 922 2873 et
944 2807 1113 2893 pellentes,
1138 2808 1301 2873 reducunt
1324 2806 1366 2871 ad
1390 2806 1570 2884 castellum,
1594 2811 1629 2869 et

574 2910 721 2999 graviori
743 2910 904 2977 custodiae
927 2932 1028 3006 quam
1050 2911 1142 2997 prius
1165 2932 1284 2975 cresum
1307 2909 1529 2977 committunt.

576 3174 579 3181 ’
660 3182 710 3250 De
733 3184 929 3251 constantia
955 3182 1220 3251 Saresbirieusis
1243 3189 1272 3251 et
1296 3181 1550 3251 Loruloniensis
1630 3176 1634 3191 '

980 3286 1226 3374 episcoporum.

1878 3386 1887 3415 1

410 3444 511 3505 notes,
526 3446 567 3509 bp.
626 3437 691 3503 Res
713 3442 824 3502 autem
854 3442 950 3523 gesta
984 3458 1059 3501 cum
1087 3436 1130 3501 ad
1153 3458 1248 3501 aures
1279 3437 1426 3515 Roberti,
1451 3437 1806 3517 Ser-restitissemus

410 3512 525 3645 {ssfyfflffl'
581 3540 668 3605 ensis
682 3540 832 3627 episcopi,
848 3539 1061 3625 pervenisset,
1077 3539 1171 3604 venit
1192 3538 1363 3605 celeriter²
1385 3541 1429 3605 ad
1451 3540 1630 3620 castellum,

411 3646 537 3696 tumens
581 3642 772 3729 praecipiens
810 3642 890 3728 ipsis
922 3642 1065 3709 ecclesiae
1106 3641 1332 3717 violatoribus,
1369 3648 1408 3708 ut
1440 3642 1630 3707 Hubertum

411 3722 550 3829 ἷζῃῇζᾙ
582 3746 626 3811 nd
650 3767 762 3832 pacem
793 3745 934 3811 ecclesias
957 3745 1152 3831 quantocius
1182 3745 1364 3821 reductum,
1387 3746 1423 3810 in
1454 3744 1512 3809 illo
1538 3750 1630 3810 statu

411 3844 545 3962 {hewilffi
582 3870 648 3934 quo
685 3848 780 3913 illum
816 3824 1023 3925 invenerant,
1062 3847 1271 3913 dimitterent
1309 3848 1505 3915 absolutum.
1567 3846 1633 3914 Sed

410 3926 514 4030 cineris
539 3927 553 3962 ⁰
582 3950 752 4016 castellani
775 3950 979 4016 tumultuose
1001 3950 1084 4015 satis
1107 3950 1256 4038 episcopo
1281 3952 1517 4038 respondentes
1539 3950 1631 4016 dixe·

582 4058 672 4130 runt,
702 4074 736 4118 se
770 4053 868 4118 malle
901 4053 992 4139 quod
1025 4052 1198 4119 Hubertus
1235 4054 1497 4140 suspenderetur,
1532 4072 1632 4139 quam

582 4156 653 4243 ipsi.
700 4156 747 4221 Et
769 4178 844 4221 cum
874 4154 982 4242 ipsum
1012 4155 1166 4225 reducere
1188 4156 1378 4235 noluissent,
1400 4157 1568 4244 episcopus
1590 4155 1632 4220 de

584 4258 755 4325 commissa
778 4258 842 4324 sibi
865 4264 1033 4345 potestate
1056 4282 1168 4325 omnes
1190 4260 1388 4325 nominatim
1410 4258 1632 4325 exeommuni-

1671 3518 1705 3569 iv.
1719 3524 1778 3571 275,

413 4374 564 4428 Heobnins
585 4362 684 4439 cavit,
706 4362 764 4447 qui
787 4384 861 4426 eum
882 4360 1089 4443 detinebant,
1114 4366 1149 4427 et
1182 4362 1240 4449 qui
1275 4363 1311 4427 in
1341 4384 1416 4428 eum
1440 4384 1559 4428 manns
1581 4361 1647 4451 in·⁸

413 4444 561 4563 22⁹&ss
579 4463 728 4551 jecerant
750 4464 920 4530 violentus.
967 4464 1060 4530 Tunc
1093 4464 1262 4552 episcopus
1284 4465 1348 4543 ille,
1373 4465 1545 4551 conjuncto
1568 4465 1633 4529 sibi

550 4550 557 4575 ’
584 4567 722 4655 Rogero,
746 4565 969 4633 Londoniensi
1000 4567 1161 4655 episcopo,
1186 4574 1220 4633 et
1250 4568 1447 4654 quibusdam
1470 4568 1542 4633 aliis
1565 4567 1632 4654 epi-

583 4670 698 4772 scopis,
731 4670 826 4735 venit
857 4670 902 4735 nd
935 4692 1054 4758 regem,
1078 4692 1175 4757 super
1196 4670 1319 4756 injuria
1350 4671 1504 4737 Huberto
1538 4670 1633 4736 illata

582 4796 691 4838 coram
713 4795 751 4839 eo
775 4774 940 4861 querclam
972 4774 1148 4861 deponens,
1171 4795 1231 4840 nee
1261 4775 1353 4863 prius
1375 4772 1417 4841 ab
1440 4796 1477 4841 eo
1500 4774 1632 4841 recessit

595 4948 752 4957 ...-..---
771 4950 781 4954 -
807 4948 851 4956 ...-

616 5060 761 5128 ¹crunrem]
774 5060 867 5114 Added
877 5060 904 5112 iu
917 5076 996 5127 marg.
1060 5028 1063 5032 γ
1100 5060 1107 5133 Ι
1160 5060 1303 5133 ’celer'r'rerJ
1316 5064 1451 5131 sceleriter,
1464 5063 1519 5118 MS.
