4242 6159
565 1007 631 1070 280
693 1017 860 1092 sarram
883 1015 1094 1067 rssrsrassrs
1116 994 1279 1066 saroam
1301 1013 1501 1064 assuuntur.

395 1300 466 1352 aa.
480 1305 553 1351 aa
594 1271 645 1339 ae
670 1270 843 1340 usaue
865 1279 971 1340 maa
991 1271 1162 1352 uersas,
1186 1271 1322 1340 cosses
1344 1269 1614 1339 asseruisset.

395 1450 535 1502 meumes
612 1422 684 1488 Rex
715 1423 900 1510 Anglorum
931 1424 1066 1500 interea,
1106 1445 1182 1489 oum
1215 1421 1304 1510 apud
1338 1421 1542 1507 Merleberge
1571 1420 1614 1484 ab
1626 1439 1792 1520 aegaeae.

397 1517 546 1635 ‘Shffiffiffff
566 1525 760 1591 infirmitate
785 1547 846 1591 sua
867 1525 964 1612 plene
987 1524 1051 1590 Dei
1073 1525 1183 1612 gratia
1205 1524 1432 1601 convaluisset,
1456 1523 1549 1588 venit
1570 1523 1614 1587 ad
1654 1523 1689 1558 W·
1705 1513 1765 1563 ¹¹⁶·

397 1599 539 1701 mensim
566 1649 642 1693 eum
664 1627 713 1692 ibi
729 1627 922 1705 Willelmns,
936 1648 1043 1692 eomes
1067 1627 1324 1707 saresbiriensis,
1347 1625 1406 1713 qui
1427 1629 1503 1712 post
1517 1624 1618 1711 longa

396 1717 534 1836 fflffil
567 1730 670 1796 maris
691 1730 837 1816 pericula
859 1730 1016 1795 antesin
1042 1728 1160 1795 diebus
1183 1729 1359 1794 Natalioiis
1390 1729 1426 1794 in
1449 1726 1618 1794 Cornnbia

528 1799 641 1898 g'oum
665 1832 861 1905 difficultate
892 1832 1102 1920 applicuerat
1149 1831 1216 1911 Qui
1249 1831 1470 1897 oum'fuisset
1496 1852 1516 1894 a
1541 1851 1618 1916 rege

565 1941 738 2021 gratanter
768 1939 948 2022 susceptus,
972 1935 1014 2000 de
1038 1933 1224 2022 justiciario
1250 1955 1360 2000 eoram
1384 1955 1460 2020 rege
1482 1955 1618 2020 gravem

566 2039 721 2126 deposuit
740 2037 917 2124 querelam,
933 2037 1031 2124 quod,
1054 2037 1136 2101 dum
1149 2036 1187 2101 in
1209 2036 1344 2102 remotis
1365 2035 1517 2124 partibus
1532 2042 1618 2101 esset

566 2142 602 2206 in
625 2141 763 2206 servitio
786 2162 853 2218 suo,
876 2141 948 2227 ipse
971 2140 1106 2206 miserat
1132 2139 1242 2205 virum
1267 2140 1468 2226 degenerem,
1491 2141 1556 2225 qui,
1579 2161 1617 2204 eo

567 2244 713 2320 vivente,
745 2265 820 2308 oum
854 2264 957 2308 uxore
979 2264 1041 2306 sua
1064 2243 1228 2330 disposuit
1251 2242 1406 2308 fornicari
1429 2246 1464 2308 et
1489 2241 1617 2307 adulte-

566 2345 677 2410 rinum
711 2367 785 2410 eum
823 2345 896 2431 ipsa
932 2346 1183 2410 matrimonium
1221 2344 1413 2411 contrahere
1449 2344 1617 2410 violenter.

567 2448 712 2513 Addidit
734 2448 878 2534 insuper,
903 2447 992 2533 quod
1022 2447 1088 2512 nisi
1121 2469 1183 2513 rex
1217 2448 1350 2534 plenam
1382 2447 1447 2512 sibi
1482 2448 1522 2512 de
1547 2449 1618 2534 ipso

566 2550 689 2615 faeeret
717 2549 886 2635 justitiam
909 2550 1067 2628 exhiberi,
1095 2549 1235 2638 ipsemet
1258 2555 1419 2637 quaereret
1450 2550 1491 2616 de
1523 2554 1618 2615 tanto

567 2672 701 2717 excessu
723 2650 914 2728 vindictam,
938 2652 975 2716 in
997 2651 1227 2738 gravissimam
1249 2652 1342 2739 regni
1364 2652 1469 2718 totius
1491 2658 1619 2739 pertur-

399 2769 524 2850 Heigra
568 2753 745 2820 bationeur
792 2754 884 2820 Tune
902 2754 1107 2840 justiciarius
1133 2754 1311 2820 humilians
1333 2776 1376 2835 se,
1393 2761 1427 2820 et
1449 2755 1638 2843 proprium.

400 2838 546 2967 ffi‘jllw
568 2854 783 2944 cognosoens¹
819 2862 854 2922 et
876 2857 1042 2923 confessus
1064 2861 1194 2923 reatum
1221 2863 1256 2922 et
1279 2879 1430 2938 errorem,
1466 2858 1504 2923 in
1526 2859 1618 2944 equis

397 2969 495 3036 tiraq.
568 2960 720 3046 pretiosis
746 2965 781 3025 et
803 2959 995 3046 ingentibus
1021 2959 1189 3025 donativis
1222 2960 1366 3047 gratiam
1397 2961 1527 3026 comitis
1556 2962 1618 3026 sibi

568 3063 744 3150 reparavit.
799 3062 846 3127 Et
873 3062 919 3128 sio
944 3062 1035 3128 faeta
1067 3061 1251 3143 concordia,
1278 3063 1439 3128 invitavit
1465 3065 1618 3129 comitem
1632 3071 1797 3150 RogWend.

567 3164 610 3229 ad
632 3186 781 3230 mensam
803 3186 907 3243 suam,
930 3164 967 3228 in
982 3169 1112 3250 qua,·ut
1134 3164 1265 3245 dicitur,
1281 3165 1335 3230 vel
1356 3165 1543 3252 crapulatus
1564 3166 1637 3232 vel.
1659 3153 1695 3190 a.
1711 3145 1771 3192 ¹¹⁷·

566 3267 768 3360 potionatus,
792 3267 867 3333 ilico
890 3267 934 3330 ad
956 3267 1127 3332 castellum
1151 3287 1248 3332 suum
1276 3266 1516 3334 Saresbiriense
1547 3289 1620 3354 pro·

399 3380 449 3430 nu
459 3381 530 3446 peni-
565 3369 678 3447 fectus,
700 3371 785 3435 leoto
808 3369 964 3434 decubuit
984 3369 1132 3455 graviter
1152 3370 1347 3436 infirmatus
1392 3370 1620 3436 Invalesoente

398 3449 547 3500 ‘mm
567 3472 698 3537 demum
714 3471 837 3548 morbo,
861 3491 937 3535 eum
953 3472 1137 3537 certissima
1162 3493 1231 3538 suae
1252 3473 1342 3538 neeis
1364 3471 1488 3538 indicia
1502 3493 1620 3559 eogno-

566 3571 694 3651 visset,²
724 3573 803 3639 fecit
833 3573 1021 3660 episcopum
1050 3573 1198 3640 civitatis
1228 3574 1386 3654 accersiri,
1413 3580 1459 3652 ‚ut
1484 3597 1620 3660 eaquae

568 3675 752 3742 Christiani
774 3679 854 3740 sunt
877 3674 914 3740 in
936 3675 1146 3755 confessione,
1168 3676 1291 3742 viatico
1317 3682 1352 3742 et
1374 3677 1530 3742 unctione
1552 3697 1640 3742 sus.

569 3782 734 3865 capturus,
766 3776 954 3864 legitimum
976 3779 1153 3844 conficeret
1174 3785 1420 3868 testamentum.
1466 3779 1622 3845 Intrante

567 3880 672 3967 igitur
702 3880 854 3967 episeopo
882 3879 1079 3960 thalamum,
1112 3903 1178 3967 quo
1204 3881 1345 3968 jacebat,
1375 3903 1482 3948 comes
1510 3883 1621 3947 nudus

479 3983 487 4000 ’
567 3984 701 4071 penitus
723 3996 844 4070 praeter
858 3982 1036 4062 femoralia,
1055 3983 1189 4049 obviam
1214 3985 1244 4050 ei
1270 4005 1386 4072 corpus
1410 3985 1624 4050 Dominioum

567 4086 720 4151 afferenti
742 4109 785 4152 ex
806 4086 892 4151 lecto
907 4086 1087 4171 prosiliens,
1110 4084 1446 4174 asperrimum[que]⁸
1468 4088 1622 4175 laqueum

570 4195 751 4255 annectens
773 4187 865 4265 eollo,
888 4209 962 4253 oum
980 4189 1055 4275 jugi
1077 4189 1287 4255 lacrimarum
1310 4190 1469 4256 effusione
1492 4213 1527 4256 se
1548 4213 1624 4278 pro-

567 4291 688 4358 stravit
709 4291 746 4356 in
766 4291 1003 4377 pavimentum,
1027 4291 1156 4357 Summi
1172 4292 1272 4380 Regis
1287 4290 1343 4358 se⁴
1357 4292 1456 4358 fuisse
1478 4294 1624 4380 prodito-

568 4417 639 4459 rem
662 4399 697 4459 et
723 4393 870 4479 ejusdem
902 4400 1143 4480 praeceptorum
1173 4417 1266 4461 reum
1297 4399 1484 4481 protestans
1514 4401 1642 4461 trans.

569 4494 774 4582 gressorem.⁵
819 4496 892 4560 Nec
907 4496 947 4561 de
961 4495 1032 4561 loeo
1056 4497 1184 4564 moveri
1206 4498 1323 4579 voluit,
1338 4497 1404 4563 nisi
1430 4497 1519 4564 faeta
1545 4519 1621 4564 oon-

604 4727 612 4759 ¹
624 4727 779 4793 eopaomens]
799 4743 981 4793 congnosoens‚
993 4727 1052 4778 MS.
1155 4731 1163 4760 ⁴
1174 4730 1213 4796 se]
1234 4730 1274 4782 On
1286 4747 1319 4781 an
1331 4745 1438 4782 erasure.

603 4807 787 4873 'coyaovisseq
807 4807 994 4873 congnovisset‚
1006 4807 1063 4859 MS.
1153 4809 1285 4860 'Written
1306 4816 1332 4860 at
1349 4810 1404 4860 first
1422 4818 1622 4874 temptatorem

603 4889 613 4918 ¹
633 4888 865 4954 asperrimamque]
915 4889 1075 4952 asperimnm,
1115 4892 1320 4953 praeseferebat
1339 4889 1445 4940 marked
1456 4895 1482 4940 to
1493 4890 1523 4941 be
1541 4897 1621 4940 trane·

570 4969 627 5021 Ms.
641 4987 648 5028 3
660 4967 734 5032 queis
746 4967 860 5032 supplied
871 4967 937 5018 srom
950 4968 1072 5022 w.13.c.
1118 4968 1202 5030 posed.
