4242 6159
498 1076 504 1085 ·
582 1032 649 1097 364
708 1044 876 1095 uernum
899 1044 1115 1095 remsrnssrs
1138 1042 1303 1093 nrsronm
1326 1042 1527 1093 nncnonou.

412 1232 481 1282 An.
496 1237 568 1282 12³⁴.
581 1218 714 1311 spoliati
737 1227 834 1289 erant
849 1244 870 1287 a
883 1219 981 1289 rebus
1003 1222 1157 1288 omnibns
1179 1221 1267 1309 opud
1290 1220 1478 1301 Grosmnnt,
1496 1223 1535 1285 ut
1554 1240 1635 1306 pne-

412 1328 527 1379 Unusml
581 1327 707 1392 dietum
730 1332 788 1392 est
837 1325 911 1406 Quo
933 1326 1049 1412 utique
1072 1333 1217 1412 tempore
1232 1324 1333 1412 coepit
1355 1330 1445 1389 terre
1465 1322 1541 1409 gelu
1563 1344 1638 1408 gra-

410 1396 559 1515 pggthmy
581 1420 669 1495 vitei
691 1427 881 1516 constringi,
896 1429 947 1494 ita
962 1430 1050 1515 quod
1066 1428 1179 1515 fruges
1202 1426 1449 1494 suffocabantur
1470 1426 1506 1491 in
1529 1422 1655 1513 agris3'

581 1532 707 1598 radices
740 1552 870 1618 quoque
912 1530 1088 1597 herbarum
1120 1532 1157 1595 in
1189 1526 1316 1609 hortis,l
1358 1552 1433 1615 quie
1469 1526 1636 1617 quatuor²

580 1634 703 1721 pedum
737 1634 916 1699 altitudine
949 1634 1137 1721 figebantur
1168 1634 1205 1698 in
1235 1638 1332 1711 terra,
1356 1632 1527 1698 desiccatae
1551 1630 1641 1717 peri-

447 1750 534 1800 sset
580 1742 688 1803 erunt.
735 1736 925 1803 Henetiam
947 1736 1023 1823 gelu
1045 1758 1149 1823 nsque
1172 1736 1215 1801 nd
1238 1734 1506 1801 Purifiestionem
1529 1733 1643 1799 beatae·

581 1840 696 1905 Mariae
711 1840 869 1905 continue
893 1839 965 1904 sine
990 1839 1069 1904 nive
1084 1838 1275 1925 perdurans,
1301 1836 1541 1925 agriculturam
1565 1857 1642 1902 sus.

580 1942 704 2029 pendit,
728 1948 763 2008 ct
784 1946 898 2008 secuta
919 1947 969 2008 est
992 1940 1150 2008 sterilitas
1173 1946 1207 2008 et
1230 1942 1332 2007 fernes
1354 1940 1551 2028 importuna.
1635 1986 1654 2003 ..

682 2252 907 2321 Moreaeellus
923 2253 1050 2321 multos
1068 2253 1108 2321 de
1129 2255 1275 2323 hostibus
1297 2253 1373 2323 suis
1389 2255 1543 2344 peremit.

412 2423 524 2476 Johnos
629 2404 672 2471 In
693 2407 836 2472 omstino
867 2411 979 2472 autem
1006 2405 1138 2473 Natalis
1161 2406 1294 2473 Domini
1327 2406 1498 2473 Johannos
1521 2400 1812 2489 none-'noemae

412 2492 564 2608 {llffl'lffi
583 2508 749 2588 metensis,
774 2509 827 2574 vir
849 2510 983 2594 quidem
1004 2507 1128 2577 nobilis
1151 2517 1185 2578 et
1208 2516 1336 2598 potens,
1352 2534 1427 2577 eum
1449 2532 1525 2597 rege
1548 2499 1642 2575 mili!
1671 2492 1706 2528 ι’·
1719 2483 1779 2528 ²⁸⁹·

413 2624 494 2675 forces
506 2626 548 2677 de·
584 2617 659 2677 tans
680 2612 717 2675 in
733 2611 861 2689 Wallia,
877 2612 1042 2699 copiosum
1059 2613 1191 2701 collegit
1206 2614 1396 2695 exercitum,
1412 2619 1452 2679 ut
1473 2603 1644 2678 furtivum‘

411 2692 539 2809 Zegrpy
584 2714 705 2780 faceret
739 2713 903 2801 impetum
937 2715 974 2779 in
1007 2717 1162 2782 comitem
1185 2716 1425 2782 Marescallum.
1470 2714 1536 2781 Sed
1559 2710 1642 2780 eum'

413 2825 562 2879 Marenhnt
583 2817 645 2883 hoc
666 2838 725 2905 per
746 2817 921 2905 diligentes
937 2820 1160 2905 exploratores
1184 2820 1298 2885 comiti
1319 2817 1528 2897 innotuisset,
1543 2818 1656 2887 misit.

582 2921 676 2987 sein
699 2920 865 3006 quandem
898 2920 1018 2988 silvam
1049 2922 1185 2989 densam
1219 2928 1254 2987 et
1288 2944 1431 3010 opacam,
1454 2944 1512 3009 per
1533 2943 1653 3008 quam..

581 3024 692 3091 hostes
727 3025 861 3090 fuerant
898 3025 1084 3105 transituri,
1122 3032 1161 3091 ut
1196 3025 1326 3091 eosdem
1365 3024 1540 3103 deluderet,
1577 3023 1634 3110 qui

580 3128 690 3216 ipsum
712 3124 860 3220 decipere
881 3128 1082 3215 cogitabant.
1129 3130 1214 3196 Cum
1244 3129 1350 3216 igitur
1373 3128 1553 3195 adversarii
1568 3133 1643 3193 me·‘

580 3230 700 3297 morati
721 3232 766 3297 ed
787 3230 896 3297 locum
930 3232 1126 3297 insidiarum
1161 3233 1399 3320 pervenissent,
1423 3230 1643 3297 Merescallus'

580 3340 615 3401 et
638 3335 803 3401 exercitus
818 3332 890 3421 ejus
911 3339 1004 3400 totns
1029 3335 1207 3422 strepitum
1230 3334 1420 3401 horribilem
1443 3356 1517 3401 curn
1540 3334 1634 3399 lituis

580 3443 614 3504 et
637 3437 751 3504 tubis³
782 3437 1014 3524 clangentibus
1039 3444 1178 3526 repente
1201 3434 1475 3526 prorumpentes⁴
1508 3443 1543 3503 et
1573 3436 1634 3503 im·

581 3541 729 3607 munitos
751 3540 956 3620 invadentes,
972 3564 1086 3623 omnes
1108 3541 1143 3605 in
1166 3542 1280 3629 fugam
1303 3541 1541 3629 compulerunt.
1589 3540 1633 3605 Et
1646 3553 1811 3632 Rogwenu.

580 3644 746 3731 fugientes
775 3644 925 3722 insecuti,
954 3646 1077 3710 multos
1102 3667 1123 3709 a
1149 3650 1241 3731 tergo
1272 3644 1393 3710 lanceis
1425 3644 1654 3713 transverbe.
1675 3638 1709 3673 ¹⁷·
1723 3629 1782 3677 ²⁹⁰·

581 3755 670 3814 ratos
685 3747 927 3814 interfecerunt.
974 3748 1039 3814 Sed
1061 3748 1098 3811 in
1121 3747 1340 3828 Piotsvenses,
1358 3746 1416 3834 qui
1438 3746 1560 3813 eisdem
1583 3769 1652 3821 ns.

580 3850 799 3930 sociabantur,
823 3850 1009 3938 protervius
1040 3850 1218 3930 irruerunt,
1252 3850 1330 3935 quia
1359 3850 1457 3937 ipsos,
1481 3846 1678 3945 quorum..

581 3954 751 4041 proprium
786 3960 838 4020 est
867 3953 1020 4019 seducere
1050 3958 1085 4019 et
1114 3953 1299 4041 proditores
1315 3976 1394 4033 esse,
1423 3975 1490 4019 non
1512 3954 1651 4041 puduit.

581 4057 738 4145 Anglicos
754 4078 869 4122 vocare
891 4056 1085 4143 proditores.
1132 4056 1306 4146 Perempte
1328 4056 1431 4145 igitur
1454 4055 1495 4122 de
1517 4058 1651 4127 adven.

581 4160 675 4225 sariis
690 4157 908 4225 multitudine
922 4158 1059 4245 copiose,
1077 4158 1137 4224 vix
1151 4159 1221 4247 ipse
1236 4158 1406 4226 lohannes
1421 4180 1503 4247 equo
1518 4163 1650 4247 raptus,

582 4262 786 4339 velocissimo
820 4267 871 4326 est
903 4260 1039 4348 elapsus
1085 4262 1144 4339 ,Es
1178 4262 1390 4350 progrediens
1423 4262 1649 4336 Merescallus.

582 4366 690 4433 victor
721 4388 796 4432 eum
827 4364 896 4430 suis
933 4364 1127 4451 legionibus,
1150 4364 1247 4431 villas
1270 4364 1416 4451 ejusdem
1437 4366 1459 4431 J
1463 4364 1631 4453 [ohannis]

583 4477 617 4535 et
654 4468 802 4547 aedificia,
838 4489 914 4534 cum
958 4466 1113 4533 omnibus
1151 4488 1225 4556 quae
1262 4466 1364 4555 ipsius
1402 4475 1506 4545 erant,
1546 4469 1631 4535 ferro

583 4574 780 4661 flammaque
796 4570 994 4640 devastavit.
1040 4570 1119 4637 Hiis
1136 4570 1186 4637 ita
1204 4571 1315 4659 gestis,
1333 4570 1542 4637 Marescallus
1557 4594 1651 4648 cum,

616 4736 627 4743 .-
636 4736 728 4742 -.
734 4734 970 4741 ...—--—..-..-——

617 4837 730 4904 ¹hortr's]
744 4836 812 4897 ortis,
822 4836 880 4889 MS.
1130 4836 1180 4887 add
1196 4837 1335 4900 emittentes,
1355 4837 1440 4889 which
1468 4840 1570 4890 renders
1589 4838 1631 4891 the

615 4920 625 4951 ²
641 4916 758 4983 φαῖνον]
771 4916 996 4982 quatuorum,l18.
1130 4932 1202 4967 sense
1213 4917 1314 4969 clearer.
1705 4972 1713 4997 ·

614 5001 624 5031 ⁸
641 4994 719 5064 tabis]
744 4997 819 5047 noer
835 4997 887 5049 this
905 4998 977 5048 word
995 4994 1038 5047 W.
1054 4994 1076 5047 1.
1164 4994 1172 5027 ⁴
1185 4994 1381 5063 prorumpentes]
1396 5006 1560 5064 erumpentes,
1570 4997 1630 5052 ΒΩ.
