4242 6159
554 1009 620 1073 424
680 1020 846 1069 uauranr
868 1016 1082 1069 susumusrs
1104 1012 1270 1069 merolus
1291 1013 1491 1067 ANGLORUM,

393 1276 460 1329 sn.
474 1278 549 1327 uss.
724 1260 775 1326 De
798 1258 949 1346 quocum
968 1256 1129 1325 muwlli
1152 1256 1255 1345 siquo
1276 1255 1321 1325 iu
1343 1254 1438 1323 acre.¹

415 1416 531 1480 sauny.
603 1401 728 1488 Vigilic
754 1405 867 1465 autem
889 1399 997 1465 sancti
1023 1398 1151 1479 Jacobi,
1176 1399 1212 1463 in
1237 1397 1435 1485 crepuscu10,
1459 1418 1528 1463 non
1557 1395 1614 1462 ad-

392 1510 508 1573 appear-
558 1506 623 1571 huc
645 1503 882 1591 apparentibus
909 1502 1023 1582 stellis,
1046 1523 1122 1567 cum
1144 1506 1230 1567 esset
1252 1521 1312 1566 aer
1330 1500 1533 1588 purissimus,
1556 1520 1614 1585 ap·

394 1575 522 1693 {2322st
559 1608 680 1695 puniit,
696 1608 740 1673 ad
761 1607 868 1671 instar
883 1604 1036 1681 Luciferi,
1051 1604 1150 1670 stella
1172 1604 1321 1670 maxims
1346 1609 1387 1669 ut
1408 1602 1524 1681 facula,
1539 1624 1614 1688 quse

561 1733 597 1776 se
614 1710 825 1797 jaculabatur
850 1712 1060 1791 pertractus
1083 1728 1204 1787 aereos,
1230 1706 1325 1793 quasi
1354 1706 1480 1793 sagitta
1507 1705 1615 1793 ignea,

561 1813 744 1879 clarissima
765 1812 802 1877 in
825 1811 944 1897 capite,
974 1809 1166 1897 relinquens
1187 1810 1301 1895 ignem
1327 1812 1362 1875 et
1384 1809 1515 1875 firmum
1539 1814 1615 1894 post

562 1938 597 1981 se
619 1937 693 1980 cum
720 1917 916 1981 moveretur.
962 1912 1046 1993 Quae
1076 1912 1179 1977 etiam
1208 1911 1332 1997 pluries
1362 1910 1409 1977 sio
1439 1910 1615 1999 apparuit;

562 2015 758 2084 censebatur
778 2019 891 2081 autem
912 2014 1010 2081 draco
1030 2014 1088 2103 vel
1109 2017 1245 2081 cometa

760 2178 783 2225 e

561 2262 680 2347 'enm
703 2256 936 2363 Leprcceatciae
962 2273 1087 2345 senor
1111 2274 1201 2343 clem
1230 2272 1363 2342 recessu
1389 2272 1432 2340 ab
1458 2270 1617 2359 Amilo?

401 2439 554 2502 Simonem
621 2426 781 2512 Tempore
818 2446 948 2511 quoque
985 2424 1048 2490 sub
1086 2423 1202 2491 eodem
1240 2444 1347 2491 comes
1384 2422 1615 2511 Legrecestriae

397 2509 539 2636 ζ’ἑξῗέᾓ
565 2530 681 2597 Simon
704 2549 763 2615 per
785 2528 946 2614 quosdam
972 2527 1106 2593 invidos
1129 2526 1264 2593 domino
1285 2528 1356 2615 regi
1377 2531 1449 2593 tam
1471 2526 1618 2615 graviter
1679 2584 1688 2601 ‚

398 2644 518 2706 nnglanu
565 2635 738 2697 accusatus
759 2636 819 2709 est,
843 2634 891 2709 ut,
926 2630 1043 2697 multis
1077 2630 1234 2697 conviciis
1260 2630 1438 2708 lacessitae,
1469 2651 1538 2697 non
1566 2635 1618 2695 est

399 2707 513 2825 ffihh
535 2785 540 2793 .
564 2733 743 2821 permissus
763 2733 922 2799 iuteresse
955 2733 1086 2800 festivis
1113 2732 1304 2814 sollemniis,
1327 2756 1401 2820 quse
1429 2732 1556 2799 fiebant
1577 2731 1620 2798 de

563 2836 791 2925 purificatione
819 2837 951 2924 reginae.
995 2835 1062 2903 Sed
1092 2837 1393 2903 excommunicatus
1422 2836 1617 2923 appellatus,

564 2945 600 3005 et
631 2937 725 3025 quasi
755 2937 1068 3017 excommunicatus,
1098 2938 1141 3003 ab
1179 2938 1294 3005 eodem
1322 2938 1408 3005 festo
1440 2937 1620 3005 Londoniis

495 3067 498 3071 ·
565 3042 728 3109 celebrato
743 3044 977 3126 sequestratus,
994 3040 1079 3107 clam
1095 3062 1170 3107 eum
1185 3062 1289 3107 uxore
1304 3062 1365 3107 sua
1380 3046 1460 3107 tunc
1473 3040 1620 3127 muria,

565 3147 662 3209 nocte
673 3147 841 3229 sequente,
856 3163 1025 3227 paucaque
1038 3142 1175 3223 familia,
1189 3143 1376 3209 naviculam
1391 3142 1428 3209 in
1442 3143 1619 3209 Thamensi

565 3245 716 3312 intravit.
777 3245 824 3309 Et
848 3244 895 3310 sic
917 3244 1030 3310 subito
1051 3245 1206 3313 confusus
1232 3250 1266 3312 et
1292 3246 1507 3334 pudibundus
1529 3246 1617 3311 clen-

567 3349 732 3415 destinam
754 3347 868 3433 fugam
889 3347 1060 3434 arripiens,
1083 3349 1120 3413 in
1142 3353 1254 3435 partes
1269 3370 1304 3414 se
1317 3348 1493 3415 transtulit
1514 3348 1619 3415 ultra

567 3452 720 3526 marinas,
748 3453 882 3534 etpost
905 3449 1065 3516 continuo
1087 3450 1317 3538 transalpinas,
1340 3456 1381 3518 ut
1411 3452 1456 3517 ad
1486 3455 1617 3538 tempus

567 3553 754 3630 declinaret,
777 3550 879 3616 donec
901 3550 1089 3639 indignatio
1111 3553 1231 3641 regalis
1252 3554 1448 3621 flecteretur.

590 3808 753 3900 Episcopi
774 3808 916 3899 duplice
940 3811 1227 3881 contradicerent
1250 3814 1380 3903 repeto?
1397 3813 1595 3904 postulanti

957 3918 1224 4029 procuratiorws.

400 4085 457 4136 une
614 4064 678 4131 Per
699 4065 788 4132 idem
811 4070 944 4153 tempus
975 4073 1203 4135 convenerunt
1234 4090 1347 4136 omnes
1377 4070 1522 4157 episcopi
1547 4070 1618 4136 An·
1677 4052 1684 4069 ’

400 4154 519 4272 mezo
568 4168 654 4257 gliae,
676 4169 710 4235 ii
743 4169 902 4236 kalendas
931 4170 1088 4258 Augusti,
1112 4170 1153 4239 do
1176 4173 1444 4260 oppressionibus
1476 4174 1620 4241 ecclesius

418 4312 528 4378 ³1July
568 4271 763 4358 Anglicenae
785 4274 964 4337 tractaturi
976 4297 985 4354 ;
1008 4273 1165 4361 exigebat
1188 4275 1277 4341 enim
1299 4276 1439 4365 legatus,
1465 4277 1524 4364 qui
1545 4278 1620 4364 plus

600 4547 1072 4616 ¹Inthemsrginisdrawnare·
1116 4554 1161 4604 red
1183 4553 1277 4615 letters,
1300 4552 1389 4605 inthe
1412 4552 1521 4619 margin.
1554 4553 1620 4605 Itis

567 4630 737 4697 presentation
749 4629 837 4681 ofthis
845 4638 1069 4694 cometcrmeteor,
1115 4634 1202 4695 found,
1223 4634 1349 4698 however,
1378 4634 1406 4685 ln
1430 4634 1564 4685 substance
1590 4633 1619 4684 in

566 4712 630 4762 trith
641 4710 683 4761 th'e
699 4711 782 4760 words
802 4708 932 4776 “Suam
947 4712 975 4761 in
990 4713 1071 4776 cere,”
1114 4712 1146 4763 B.
1159 4712 1189 4765 0.

567 4792 666 4840 written
678 4789 860 4840 aboveinred.
1148 4790 1264 4859 ¹inpetu]
1283 4782 1620 4845 Awordhuteenerneu

600 4869 691 4919 'Thia
711 4869 813 4933 chapter
831 4870 853 4919 is
864 4869 976 4920 directed
993 4878 1020 4921 to
1039 4872 1071 4922 be
1112 4871 1167 4937 just
1177 4874 1269 4923 before.

567 4950 680 5013 omitted,
698 4950 734 5014 by
751 4948 795 4999 the
812 4950 883 5001 word
902 4950 1024 5012 “uarat''
1042 4951 1071 5001 in
