4242 6159
602 1002 668 1066 380
724 1014 890 1063 ulmum
911 1013 1123 1066 rnmsmums
1146 1014 1309 1063 ursronm
1332 1014 1532 1064 suetorum.

436 1194 706 1279 al).1235.ipsem
737 1192 981 1274 imperatricem
1010 1193 1053 1258 ab
1083 1192 1213 1259 insidiis
1235 1193 1322 1281 regis
1355 1192 1564 1269 Francorum,
1590 1191 1665 1277 qui.

601 1294 684 1359 illud
715 1295 929 1382 magnificum
963 1295 1211 1361 matrimonium
1243 1296 1404 1383 impedire
1441 1294 1665 1371 moliebatur„

602 1398 813 1465 custodirent.

603 1591 796 1680 Imperator
818 1593 861 1661 io
886 1593 1141 1681 imperatricem
1166 1592 1264 1681 opud
1292 1591 1508 1666 Wcorncciom
1529 1588 1650 1660 matri-

797 1698 959 1765 monium
980 1696 1170 1765 initiatam
1192 1695 1463 1765 autumnavit}

434 1835 505 1970 {sigge
498 1854 587 1957 ³131OE
608 1937 615 1950 ·
650 1835 809 1923 Tempore
824 1841 935 1902 autem
951 1857 1016 1922 quo
1030 1834 1228 1921 imperatrix
1249 1833 1338 1920 apud
1362 1833 1533 1900 Coloniam
1548 1833 1650 1911 venit,

435 1973 506 2034 91„oe
517 1983 544 2024 at
605 1946 783 2025 imperator
806 1945 877 2005 erat
898 1938 1024 2004 bellicis
1047 1937 1314 2025 expeditionibus
1337 1935 1524 2023 implicatus
1538 1942 1653 2001 contra
1662 1940 1826 2006 Rogwend.

435 2039 545 2096 worma.
604 2042 711 2107 filium
734 2064 830 2108 suum
855 2041 1046 2119 Hendcum,
1070 2062 1168 2127 quem
1191 2040 1285 2127 cepit,
1310 2044 1344 2105 et
1367 2038 1526 2105 custodiae
1548 2060 1669 2104 carce·

1695 2009 1730 2061 iv.
1743 2016 1803 2060 336.

603 2144 667 2209 rali
690 2146 842 2211 omnibus
863 2145 945 2211 vitae
972 2167 1041 2211 suae
1069 2144 1185 2209 diebus
1214 2142 1357 2208 tradidit
1386 2140 1671 2228 mancipandum..
1689 2160 1825 2212 nwenu.

606 2248 698 2313 Misit
724 2248 829 2334 igitur
862 2249 1041 2335 imperator
1065 2268 1124 2335 pro
1150 2246 1358 2333 imperatrice
1396 2245 1484 2333 apud
1505 2244 1651 2311 Werme·

603 2350 695 2427 siam,
718 2356 891 2437 postquam
917 2349 1065 2416 Coloniae
1096 2371 1155 2437 per
1177 2346 1257 2415 sex2
1281 2370 1407 2414 menses
1430 2368 1556 2414 moram
1578 2370 1651 2413 con·

603 2453 760 2518 tinuavit.
822 2452 1046 2539 Desponsavit
1092 2452 1198 2539 igitur
1243 2451 1367 2517 ibidem
1404 2450 1547 2539 puellam
1589 2450 1651 2515 sol-

604 2537 786 2642 lempniter,
809 2555 1060 2622 matrimonium
1087 2554 1259 2621 initiatum
1281 2554 1545 2633 consummando,
1570 2552 1654 2617 xiiio.

602 2657 762 2723 kalendas
783 2659 953 2746 Augusti3
975 2680 1050 2725 cum
1074 2678 1140 2745 qua
1162 2658 1243 2724 data
1264 2658 1400 2723 luerunt
1423 2657 1530 2723 eidem
1553 2656 1671 2743 impe,

601 2761 704 2826 ratori
726 2783 806 2827 xxx.
831 2761 924 2827 milia
937 2783 1132 2839 marcarum,
1155 2760 1197 2825 ad
1213 2781 1294 2847 quas
1307 2760 1491 2827 reddendas
1513 2758 1671 2836 assisam,

601 2864 666 2930 fuit
688 2864 874 2953 scutagmm
895 2888 954 2952 per
976 2869 1087 2930 totum
1102 2885 1249 2951 regnum,
1271 2870 1340 2929 tam
1363 2864 1404 2929 de
1424 2862 1520 2929 novis
1542 2860 1671 2939 feoda,

601 2969 720 3034 mentis
754 2990 854 3057 quam
885 2967 1060 3047 veteribus,
1097 2966 1220 3033 scilicet
1252 2967 1292 3033 de
1324 2966 1471 3054 quolibet
1493 2965 1588 3031 feodo
1619 2964 1671 3043 ii„

601 3070 741 3138 marcar.³
785 3070 927 3137 Remisit
949 3071 1055 3158 igitur
1077 3071 1257 3158 imperator
1279 3092 1398 3149 omnes,
1415 3070 1473 3157 qui
1490 3091 1565 3135 cum
1591 3065 1673 3147 ea⁴,

602 3180 772 3253 venerant,
797 3176 833 3240 in
854 3175 1020 3262 Angliam,
1037 3178 1169 3240 retenta
1188 3174 1395 3261 imperatrice
1417 3195 1490 3239 cum
1513 3192 1580 3237 una
1594 3193 1673 3250 sun,

604 3278 732 3343 nutrice
747 3283 782 3343 et
806 3279 974 3367 magistra,
990 3278 1123 3357 scilicet,
1150 3276 1339 3365 Margareta
1362 3274 1477 3355 Bieet,⁶
1491 3281 1526 3342 et
1550 3274 1673 3352 altera,

435 3388 519 3443 Three
536 3393 587 3443 leo
606 3381 733 3460 ancille,
750 3381 970 3468 aurifrigieria
986 3378 1231 3446 Londoniensi.⁰
1262 3380 1357 3445 Misit
1379 3380 1479 3445 etiam
1501 3378 1572 3468 regi
1587 3385 1672 3455 tres,

435 3461 587 3591 fflssntto
605 3484 785 3572 leopardos,
818 3483 987 3571 leporariis
1020 3480 1228 3561 simillimos!
1261 3483 1337 3569 quio
1367 3482 1404 3547 in
1435 3482 1540 3571 clipeo
1569 3480 1674 3569 regis,

434 3592 478 3643 the
489 3593 552 3659 king
563 3596 595 3645 of
606 3586 811 3674 Auglorum⁸
844 3592 912 3653 tres
934 3587 1080 3673 leopardi
1114 3586 1323 3673 figurantur.l
1367 3584 1525 3650 Promisit
1553 3585 1673 3659 etiam,

437 3659 561 3725 enm
606 3690 677 3777 regi
699 3690 814 3756 efficax
846 3690 1008 3756 auxilium
1041 3690 1085 3755 ad
1115 3688 1312 3775 requirenda
1340 3689 1418 3777 jura
1448 3710 1508 3755 sua
1539 3692 1673 3763 contra,

605 3816 714 3881 regem
738 3792 976 3859 Francorum.¹⁰
1021 3792 1235 3880 Expenderat
1266 3798 1378 3858 autem
1412 3813 1472 3859 rex
1498 3813 1557 3881 pro
1588 3790 1674 3865 isto,

625 3949 927 3959 mn---——.—.—
934 3950 1021 3956 a.
1588 3949 1649 3956 -.

637 4026 694 4081 ιΙιι
707 4030 750 4082 the
761 4030 840 4082 lower
850 4029 1103 4096 marginisadrnw-
1187 4026 1257 4095 ⁴eo]
1270 4026 1414 4081 Inter-lineri.

603 4112 649 4178 ing
669 4112 842 4177 representing
863 4110 906 4161 the
927 4125 1042 4175 emperor
1064 4126 1103 4162 es·
1188 4112 1238 4161 ³et
1248 4111 1365 4175 capistro
1464 4108 1550 4177 Batoi]
1565 4110 1655 4161 Added

602 4192 710 4257 pouring
728 4192 843 4252 Isebella,
860 4192 896 4255 by
915 4190 1006 4256 giving
1024 4190 1070 4241 her
1088 4206 1104 4241 a
1154 4190 1182 4241 in
1193 4206 1272 4257 marg.

603 4273 669 4338 ring.
701 4271 793 4322 Above
803 4270 869 4321 their
879 4270 958 4320 heeds
968 4269 991 4321 is
1002 4269 1104 4319 written
1189 4271 1382 4338 ‘nansi-igione
1394 4269 1570 4339 londoniensi]
1584 4271 1656 4322 Add-

602 4346 630 4402 in
641 4353 686 4403 red
695 4352 786 4413 letters,
803 4355 819 4379 “
828 4350 964 4415 Imperator
980 4347 1105 4399 Fretteri-
1156 4353 1226 4404 edin
1237 4368 1317 4419 marg.

601 4444 646 4481 rus
657 4433 682 4480 in
695 4448 791 4481 uxorem
802 4428 870 4480 ducit
881 4425 1028 4491 Yrabddam,
1038 4442 1105 4478 eoro-
1189 4433 1198 4462 ἲ
1215 4430 1359 4498 simillimos]
1378 4431 1516 4493 similimos,
1527 4432 1584 4485 MS.

602 4528 651 4561 rem
662 4507 1104 4576 mmmllnffeqoarporumss'
1131 4507 1134 4524 '
1190 4510 1361 4578 ⁸rlvrglorroa]
1377 4512 1581 4565 Onanersaure.

635 4592 646 4621 ²
661 4591 718 4657 rer]
730 4591 927 4642 Onanerasure.
945 4588 1105 4651 1nw.s.c.,
1189 4596 1199 4622 ⁹
1209 4592 1366 4659 figurantur]
1380 4592 1538 4659 fugarentur,
1549 4592 1606 4643 MS.

603 4670 642 4721 ior
652 4686 742 4720 merser
749 4686 787 4721 we
794 4669 848 4719 dud
857 4666 1012 4730 ebdomadas,
1019 4667 1105 4717 which
1191 4674 1210 4703 ¹⁰
1221 4672 1288 4723 llere
1296 4674 1358 4723 ends
1365 4672 1408 4723 the
1416 4672 1659 4723 textofwendover'

602 4751 822 4802 ismorerorreet.
1157 4751 1185 4801 in
1206 4752 1248 4803 W.
1268 4751 1298 4815 1.‚
1316 4752 1378 4803 with
1397 4753 1440 4803 the
1459 4753 1571 4804 addition
1593 4752 1623 4802 of
1641 4767 1658 4803 s

636 4830 775 4896 ’ermque
855 4828 957 4895 marre]
974 4828 1067 4880 Added
1078 4827 1105 4877 in
1157 4832 1260 4897 chapter
1282 4848 1314 4883 on
1337 4833 1380 4883 the
1404 4833 1545 4899 genealogy
1568 4832 1598 4883 of
1616 4831 1658 4882 ille

602 4912 646 4962 tlrc
664 4912 743 4961 lower
759 4910 869 4976 margin,
887 4908 915 4960 in
934 4910 977 4960 the
996 4908 1107 4961 suthor’r
1157 4927 1273 4976 empress
1341 4968 1349 4980 „

603 4998 729 5055 secretary
742 4988 818 5039 haud.

1700 2227 1734 2279 iv.
1747 2232 1807 2279 ³³7.
