4242 6159
579 1000 644 1065 344
705 1012 872 1061 nircum
894 1012 1108 1062 rrnrsrnusis
1132 1012 1294 1063 msronm
1315 1013 1517 1063 manorum

410 1164 709 1274 A.D.12³2p0nere,
742 1192 782 1252 ut
811 1186 870 1251 illa
903 1187 1152 1273 corrigerentur,
1185 1185 1274 1273 quod
1310 1185 1416 1252 facere
1450 1184 1627 1250 tenebatur
1638 1193 1807 1272 Roawm

579 1289 707 1354 ratione
739 1288 838 1353 officii
867 1289 918 1355 sui
948 1290 991 1354 ad
1022 1289 1246 1374 justiciarium
1277 1288 1482 1375 pertinentis.
1528 1286 1625 1364 Item,
1665 1275 1702 1312 ι’·
1715 1267 1779 1315 ²⁴⁶·

579 1389 621 1455 de
636 1412 715 1477 pace
730 1391 825 1476 regis,
840 1390 984 1476 qualiter
1006 1391 1052 1455 sit
1073 1390 1247 1466 custodita,
1263 1395 1333 1454 tam
1348 1411 1464 1454 versus
1479 1389 1627 1453 homines

579 1497 676 1558 terrae
706 1514 774 1558 suae
803 1491 944 1578 Angliae,
975 1491 1157 1572 Hibemiae,
1181 1492 1364 1556 Wasconiae
1395 1496 1430 1555 et
1459 1489 1627 1566 Pictaviae,

580 1616 679 1680 quam
708 1595 791 1659 alios
820 1600 1004 1661 extraneos.
1050 1594 1147 1672 Item,
1177 1595 1218 1659 de
1248 1593 1414 1680 scutagiia
1441 1593 1628 1678 carucagiis,

579 1696 674 1761 donis
696 1702 731 1762 et
752 1697 869 1774 xeniis,
891 1697 963 1761 sive
984 1697 1210 1762 custodiarum
1233 1696 1386 1775 exitibus,
1403 1694 1627 1780 spectantibus

579 1800 623 1864 ad
644 1820 806 1876 coronam,
821 1799 903 1884 quid
922 1799 1000 1864 inde
1023 1803 1135 1864 actum
1157 1799 1210 1864 sit.
1257 1797 1353 1874 Item,
1370 1797 1411 1862 de
1433 1796 1628 1882 maritagiis,

580 1922 654 1987 quae
683 1922 742 1965 rex
772 1900 792 1965 d
798 1900 942 1980 ohannes
972 1901 1101 1966 dimisit
1131 1901 1168 1965 iu
1198 1900 1347 1966 custodio
1372 1899 1484 1985 ipsius,
1508 1899 1544 1962 in
1575 1898 1628 1962 die

579 2023 645 2088 qno
668 2003 762 2082 obiit,
785 2007 820 2067 et
841 2003 883 2068 de
904 2003 978 2068 aliis
1001 2002 1188 2089 maritagiis
1219 2001 1283 2066 sibi
1314 2001 1456 2080 traditis,
1481 2005 1647 2086 tempore.

579 2126 646 2170 suo.

919 2323 1108 2410 Respcrwio
1130 2324 1287 2394 Haterii.

510 2484 518 2510 '
625 2475 681 2540 Ad
711 2474 781 2540 hoec
809 2476 979 2561 respondit
1013 2476 1186 2543 Hubertus
1214 2478 1291 2564 regi,
1322 2477 1410 2564 quod
1439 2478 1544 2564 patris
1573 2476 1626 2542 sui
1636 2487 1804 2568 Roawend.

482 2587 490 2604 ⁶
580 2576 699 2642 babuit
720 2576 866 2656 cartam,l
891 2599 964 2663 quae
985 2578 1094 2664 ipsum
1116 2578 1259 2644 absolvit
1276 2580 1319 2644 ab
1342 2579 1432 2644 omni
1455 2578 1626 2645 ratiocinio
1662 2569 1699 2605 ¹''
1712 2561 1773 2608 ²⁴⁶·

579 2677 621 2744 de
650 2676 748 2742 rebus
777 2679 940 2765 perceptis
969 2685 1003 2745 et
1032 2680 1253 2767 percipiendis
1282 2681 1324 2747 dc
1353 2682 1515 2746 thesauris
1537 2681 1625 2761 suis3

578 2778 637 2865 qui
667 2779 737 2865 ejus
774 2779 969 2846 fidelitatem
997 2781 1042 2857 ‚in
1079 2787 1212 2847 tantum
1249 2789 1406 2868 expertus
1443 2789 1500 2858 est,
1539 2783 1628 2868 quod

579 2881 690 2948 noluit
703 2881 746 2946 ab
762 2881 877 2946 eodem
892 2883 1007 2948 audire
1021 2884 1240 2951 ratiocinium.
1286 2884 1378 2949 Tunc
1396 2885 1484 2950 dixit
1499 2884 1628 2966 Petrus,

580 2983 821 3048 wintoniensis
851 2984 1028 3071 episcopus,
1052 2986 1142 3072 quod
1172 2986 1249 3051 talis
1279 2991 1372 3051 carta
1401 2991 1476 3071 post
1499 2986 1630 3051 obitum

578 3085 666 3173 regis
688 3085 853 3150 Johannis
875 3086 950 3151 ¹uon
979 3087 1125 3152 habebat
1155 3089 1324 3174 vigorem3
1354 3088 1442 3152 uude
1466 3087 1509 3151 ad
1539 3086 1627 3153 hunc

579 3210 690 3274 regem
723 3209 790 3253 non
823 3189 989 3274 pertinere
1022 3189 1194 3276 proposuit
1231 3189 1272 3254 de
1305 3195 1395 3254 carta
1428 3190 1531 3275 patris
1564 3190 1626 3268 sui,

579 3291 660 3375 quin
680 3289 843 3355 rationem
856 3290 970 3376 exigat
987 3291 1029 3355 de
1052 3290 1228 3377 praedictia
1263 3291 1347 3357 Haec
1366 3289 1514 3376 quidcm²
1532 3292 1627 3376 qussi

578 3389 666 3456 levia
688 3392 838 3477 quaedam
861 3397 948 3467 sunt,
971 3392 1012 3457 do
1038 3393 1159 3478 quibus
1183 3415 1243 3458 rex
1265 3392 1428 3458 rationem
1452 3393 1557 3478 exigit
1583 3393 1626 3458 ab

579 3493 742 3572 Huberto,
780 3493 818 3556 in
857 3493 977 3579 quibus
1021 3494 1124 3560 idem.
1154 3491 1358 3580 H[ubert'us]
1397 3494 1548 3580 arguitur
1585 3495 1627 3561 do

578 3594 715 3660 crimino
736 3594 933 3660 multiformi
955 3597 1134 3661 enormiter
1156 3595 1243 3662 laesae
1264 3597 1456 3683 majestatis.

1878 3473 1881 3546 l

873 3883 1056 3950 sanata
1077 3883 1237 3950 ranan
1258 3884 1333 3972 pa.
1457 3884 1462 3893 ·

407 4050 529 4118 Apology
625 4035 691 4102 Sed
718 4037 796 4122 quia
817 4035 854 4100 in
877 4035 928 4100 ira
948 4035 1108 4122 propositi
1139 4039 1217 4100 sunt
1247 4035 1378 4100 articuli
1401 4042 1516 4103 contra
1538 4057 1647 4118 eum‚.

408 4118 551 4237 {roffio}
580 4143 615 4204 et
644 4138 771 4204 inimici
801 4136 871 4222 ejus
895 4138 1024 4220 judices
1053 4143 1158 4216 erant,
1180 4158 1248 4201 non
1261 4137 1406 4203 arbitror
1443 4139 1518 4204 illos
1549 4138 1643 4210 fore.

409 4251 449 4302 ra·
459 4251 565 4305 Hubert
576 4241 769 4306 recitandos
816 4241 996 4304 Praedictus
1016 4240 1104 4304 enim
1124 4239 1296 4304 Hubertus
1318 4245 1388 4304 tam
1411 4241 1644 4314 laudabiliter.

576 4365 612 4409 sc
634 4345 737 4430 gessit
759 4342 907 4407 obsessus
929 4342 967 4405 in
988 4344 1096 4406 castro
1119 4341 1159 4406 de
1190 4341 1333 4423 Chinun,
1356 4349 1390 4408 et
1417 4343 1566 4409 obsessus
1587 4344 1645 4414 in.

578 4450 686 4510 castro
716 4445 757 4510 de
787 4443 927 4521 Darem,
958 4447 993 4509 et
1022 4443 1060 4506 in
1089 4443 1212 4508 nauali¹
1231 4444 1319 4509 bello
1349 4445 1387 4509 in
1411 4446 1504 4525 mari,
1526 4452 1562 4511 et
1587 4447 1645 4515 in.

578 4547 747 4614 obsidione
769 4547 810 4612 de
840 4546 1011 4626 Bedeford
1044 4567 1104 4633 pro
1135 4568 1210 4632 rege
1248 4551 1282 4612 et
1312 4569 1422 4635 regno,
1447 4549 1535 4633 quod
1567 4548 1645 4615 illa.

578 4649 665 4714 bona
686 4670 798 4716 omnes
819 4650 923 4714 malas
942 4648 1141 4734 objectiones
1164 4649 1282 4714 merito
1300 4649 1422 4715 debent
1444 4649 1634 4722 absorbere„

611 4923 619 4954 ¹
636 4921 722 4972 tatuit
732 4923 839 4989 cortem]
854 4924 894 4976 On
906 4939 939 4974 an
949 4939 1057 4973 erasure.
1105 4921 1110 4990 Ι
1156 4923 1166 4954 ²
1183 4921 1289 4987 quidem]
1308 4921 1415 4988 quidam,
1427 4923 1483 4974 MS.
